02RETORNO01COBRANCA       00000000000005034448E-PREPAG ADMINISTRADORA DE CAR237BRADESCO       3011210160000000818                                                                                                                                                                                                                                                                          011221         000001
1021903727600017200000260206200016896                         00000000100032040937000000000000000000000000060230112126/100032000000000100032040937301121000000001195823704436  000000000008200000000000000000000000000000000000000000000000000000000000000000000000000000000000000000000000000000000                          0000000000                                                                  000002
1021903727600017200000260206200016896                         00000000100032057775000000000000000000000000060230112126/100032000000000100032057775301121000000000098023704151  000000000008200000000000000000000000000000000000000000000000000000000000000000000000000000000000000000000000000000000                          0000000000                                                                  000003
1021903727600017200000260206200016896                         00000000100032102185000000000000000000000000060230112126/100032100000000100032102185301121000000011649423704159  000000000008200000000000000000000000000000000000000000000000000000000000000000000000000000000000000000000000000000000                          0000000000                                                                  000004
1021903727600017200000260206200016896                         00000000200127271647000000000000000000000000060230112126/200127200000000200127271647031221000000001000023704154  000000000000000000000000000000000000000000000000000000000000000000000000000000000000000000000000000000000000000000000                          0000000000                                                                  000005
1021903727600017200000260206200016896                         00000000200250623035000000000000000000000000060230112126/200250600000000200250623035031221000000000672323704143  000000000008200000000000000000000000000000000000000000000000000000000000000000000000000000000000000000000000000000000                          7600000000                                                                  000006
1021903727600017200000260206200016896                         00000000200301205403000000000000000000000000060230112126/200301200000000200301205403031221000000001008523704159  000000000000000000000000000000000000000000000000000000000000000000000000000000000000000000000000000000000000000000000                          7600000000                                                                  000007
1021903727600017200000260206200016896                         00000000200312402138000000000000000000000000060230112126/200312400000000200312402138031221000000000269923704154  000000000008200000000000000000000000000000000000000000000000000000000000000000000000000000000000000000000000000000000                          0000000000                                                                  000008
1021903727600017200000260206200016896                         00000000200519322282000000000000000000000000060230112126/200519300000000200519322282031221000000001008523704159  000000000000000000000000000000000000000000000000000000000000000000000000000000000000000000000000000000000000000000000                          7600000000                                                                  000009
1021903727600017200000260206200016896                         00000000200773638656000000000000000000000000060230112126/200773600000000200773638656031221000000000119923700153  000000000008200000000000000000000000000000000000000000000000000000000000000000000000000000000000000000000000000000000                          0000000000                                                                  000010
1021903727600017200000260206200016896                         00000000200937940855000000000000000000000000060230112126/200937900000000200937940855031221000000001008523704159  000000000000000000000000000000000000000000000000000000000000000000000000000000000000000000000000000000000000000000000                          7600000000                                                                  000011
1021903727600017200000260206200016896                         00000000400009279020000000000000000000000000060230112126/400009200000000400009279020031221000000000800023704159  000000000008200000000000000000000000000000000000000000000000000000000000000000000000000000000000000000000000000000000                          0000000000                                                                  000012
1021903727600017200000260206200016896                         00000000400147707009000000000000000000000000060230112126/400147700000000400147707009031221000000000800023704602  000000000008200000000000000000000000000000000000000000000000000000000000000000000000000000000000000000000000000000000                          7600000000                                                                  000013
1021903727600017200000260206200016896                         00000000400154041857000000000000000000000000060230112126/400154000000000400154041857031221000000000800023704159  000000000008200000000000000000000000000000000000000000000000000000000000000000000000000000000000000000000000000000000                          0000000000                                                                  000014
1021903727600017200000260206200016896                         00000000400175562288000000000000000000000000060230112126/400175500000000400175562288031221000000000800023704159  000000000008200000000000000000000000000000000000000000000000000000000000000000000000000000000000000000000000000000000                          0000000000                                                                  000015
1021903727600017200000260206200016896                         00000000400255428957000000000000000000000000060230112126/400255400000000400255428957031221000000001500023704422  000000000008200000000000000000000000000000000000000000000000000000000000000000000000000000000000000000000000000000000                          0000000000                                                                  000016
1021903727600017200000260206200016896                         00000000400325589287000000000000000000000000060230112126/400325500000000400325589287031221000000000800023704159  000000000008200000000000000000000000000000000000000000000000000000000000000000000000000000000000000000000000000000000                          0000000000                                                                  000017
1021903727600017200000260206200016896                         00000000400330723749000000000000000000000000060230112126/400330700000000400330723749031221000000001800023704159  000000000008200000000000000000000000000000000000000000000000000000000000000000000000000000000000000000000000000000000                          0000000000                                                                  000018
1021903727600017200000260206200016896                         00000000400332212067000000000000000000000000060230112126/400332200000000400332212067031221000000000800023704159  000000000008200000000000000000000000000000000000000000000000000000000000000000000000000000000000000000000000000000000                          0000000000                                                                  000019
1021903727600017200000260206200016896                         00000000400333965980000000000000000000000000060230112126/400333900000000400333965980031221000000004000023704159  000000000008200000000000000000000000000000000000000000000000000000000000000000000000000000000000000000000000000000000                          0000000000                                                                  000020
1021903727600017200000260206200016896                         00000000400339663943000000000000000000000000060230112126/400339600000000400339663943031221000000002000023704422  000000000008200000000000000000000000000000000000000000000000000000000000000000000000000000000000000000000000000000000                          0000000000                                                                  000021
1021903727600017200000260206200016896                         00000000400340760774000000000000000000000000060230112126/400340700000000400340760774031221000000000800023704159  000000000008200000000000000000000000000000000000000000000000000000000000000000000000000000000000000000000000000000000                          0000000000                                                                  000022
1021903727600017200000260206200016896                         00000000400440239974000000000000000000000000060230112126/400440200000000400440239974031221000000005000023704159  000000000008200000000000000000000000000000000000000000000000000000000000000000000000000000000000000000000000000000000                          0000000000                                                                  000023
1021903727600017200000260206200016896                         00000000400449118789000000000000000000000000060230112126/400449100000000400449118789031221000000003490023704158  000000000008200000000000000000000000000000000000000000000000000000000000000000000000000000000000000000000000000000000                          0000000000                                                                  000024
1021903727600017200000260206200016896                         00000000400454727513000000000000000000000000060230112126/400454700000000400454727513031221000000150000023704428  000000000008200000000000000000000000000000000000000000000000000000000000000000000000000000000000000000000000000000000                          7600000000                                                                  000025
1021903727600017200000260206200016896                         00000000400476118154000000000000000000000000060230112126/400476100000000400476118154031221000000000800023704151  000000000008200000000000000000000000000000000000000000000000000000000000000000000000000000000000000000000000000000000                          0000000000                                                                  000026
1021903727600017200000260206200016896                         00000000400510136353000000000000000000000000060230112126/400510100000000400510136353031221000000012000023700321  000000000008200000000000000000000000000000000000000000000000000000000000000000000000000000000000000000000000000000000                          0000000000                                                                  000027
1021903727600017200000260206200016896                         00000000400536019967000000000000000000000000060230112126/400536000000000400536019967031221000000000820023704602  000000000008200000000000000000000000000000000000000000000000000000000000000000000000000000000000000000000000000000000                          7600000000                                                                  000028
1021903727600017200000260206200016896                         00000000400556199775000000000000000000000000060230112126/400556100000000400556199775031221000000000800023704159  000000000008200000000000000000000000000000000000000000000000000000000000000000000000000000000000000000000000000000000                          0000000000                                                                  000029
1021903727600017200000260206200016896                         00000000400598602251000000000000000000000000060230112126/400598600000000400598602251031221000000000800023704143  000000000008200000000000000000000000000000000000000000000000000000000000000000000000000000000000000000000000000000000                          0000000000                                                                  000030
1021903727600017200000260206200016896                         00000000400621830712000000000000000000000000060230112126/400621800000000400621830712031221000000001500023704452  000000000008200000000000000000000000000000000000000000000000000000000000000000000000000000000000000000000000000000000                          0000000000                                                                  000031
1021903727600017200000260206200016896                         00000000400624035921000000000000000000000000060230112126/400624000000000400624035921031221000000007800023704157  000000000008200000000000000000000000000000000000000000000000000000000000000000000000000000000000000000000000000000000                          0000000000                                                                  000032
1021903727600017200000260206200016896                         00000000400648865658000000000000000000000000060230112126/400648800000000400648865658031221000000001600023704158  000000000008200000000000000000000000000000000000000000000000000000000000000000000000000000000000000000000000000000000                          0000000000                                                                  000033
1021903727600017200000260206200016896                         00000000400656341587000000000000000000000000060230112126/400656300000000400656341587031221000000002000023704452  000000000008200000000000000000000000000000000000000000000000000000000000000000000000000000000000000000000000000000000                          0000000000                                                                  000034
1021903727600017200000260206200016896                         00000000400691958600000000000000000000000000060230112126/400691900000000400691958600031221000000001000023704143  000000000008200000000000000000000000000000000000000000000000000000000000000000000000000000000000000000000000000000000                          0000000000                                                                  000035
1021903727600017200000260206200016896                         00000000400745815754000000000000000000000000060230112126/400745800000000400745815754031221000000000800023704159  000000000008200000000000000000000000000000000000000000000000000000000000000000000000000000000000000000000000000000000                          0000000000                                                                  000036
1021903727600017200000260206200016896                         00000000400757240544000000000000000000000000060230112126/400757200000000400757240544031221000000000810023704602  000000000008200000000000000000000000000000000000000000000000000000000000000000000000000000000000000000000000000000000                          7600000000                                                                  000037
1021903727600017200000260206200016896                         00000000400783164201000000000000000000000000060230112126/400783100000000400783164201031221000000000800023704159  000000000008200000000000000000000000000000000000000000000000000000000000000000000000000000000000000000000000000000000                          0000000000                                                                  000038
1021903727600017200000260206200016896                         00000000400807405426000000000000000000000000060230112126/400807400000000400807405426031221000000002400023704426  000000000008200000000000000000000000000000000000000000000000000000000000000000000000000000000000000000000000000000000                          0000000000                                                                  000039
1021903727600017200000260206200016896                         00000000400831081178000000000000000000000000060230112126/400831000000000400831081178031221000000004500023704151  000000000008200000000000000000000000000000000000000000000000000000000000000000000000000000000000000000000000000000000                          0000000000                                                                  000040
1021903727600017200000260206200016896                         00000000400913627691000000000000000000000000060230112126/400913600000000400913627691031221000000010000023704452  000000000008200000000000000000000000000000000000000000000000000000000000000000000000000000000000000000000000000000000                          0000000000                                                                  000041
1021903727600017200000260206200016896                         00000000400916842704000000000000000000000000060230112126/400916800000000400916842704031221000000001610023700320  000000000008200000000000000000000000000000000000000000000000000000000000000000000000000000000000000000000000000000000                          0000000000                                                                  000042
1021903727600017200000260206200016896                         00000000400924907777000000000000000000000000060230112126/400924900000000400924907777031221000000001550023704452  000000000008200000000000000000000000000000000000000000000000000000000000000000000000000000000000000000000000000000000                          0000000000                                                                  000043
1021903727600017200000260206200016896                         00000000400952299774000000000000000000000000060230112126/400952200000000400952299774031221000000006000023700140  000000000008200000000000000000000000000000000000000000000000000000000000000000000000000000000000000000000000000000000                          0000000000                                                                  000044
1021903727600017200000260206200016896                         00000000400959799535000000000000000000000000060230112126/400959700000000400959799535031221000000001500023700320  000000000008200000000000000000000000000000000000000000000000000000000000000000000000000000000000000000000000000000000                          0000000000                                                                  000045
1021903727600017200000260206200016896                         00000000400996989999000000000000000000000000060230112126/400996900000000400996989999031221000000003500023700153  000000000008200000000000000000000000000000000000000000000000000000000000000000000000000000000000000000000000000000000                          0000000000                                                                  000046
1021903727600017200000260206200016896                         00000000600944865387000000000000000000000000060230112126/600944800000000600944865387031221000000000640023704152  000000000008200000000000000000000000000000000000000000000000000000000000000000000000000000000000000000000000000000000                          0000000000                                                                  000047
1021903727600017200000260206200016896                         00000000400646926366000000000000000000000000060330112126/400646900000000400646926366021221000000006730023700140  000000000000000000000000000000000000000000000000000000000000000000000000000000000000000000000000000000000000000000000                          0900000000                                                                  000048
1021903727600017200000260206200016896                         00000000100032040937000000000000000000000000060630112126/100032000000000100032040937301121000000001195863300001  000000000000000000000000000000000000000000000000000000000000000000000000000000000000001195800000000000000000000000000   011221             00000000000000                                                                  000049
1021903727600017200000260206200016896                         00000000100032057775000000000000000000000000060630112126/100032000000000100032057775301121000000000098034105283  000000000000000000000000000000000000000000000000000000000000000000000000000000000000000098000000000000000000000000000   011221             00000000000000                                                                  000050
1021903727600017200000260206200016896                         00000000100032102185000000000000000000000000060630112126/100032100000000100032102185301121000000011649410404752  000000000000000000000000000000000000000000000000000000000000000000000000000000000000011649400000000000000000000000000   011221             00000000000000                                                                  000051
1021903727600017200000260206200016896                         00000000200301205403000000000000000000000000060630112126/200301200000000200301205403031221000000001008534104175  000000000000000000000000000000000000000000000000000000000000000000000000000000000000001008500000000000000000000000000   011221             00000000000000                                                                  000052
1021903727600017200000260206200016896                         00000000200312402138000000000000000000000000060630112126/200312400000000200312402138031221000000000269963300001  000000000000000000000000000000000000000000000000000000000000000000000000000000000000000269900000000000000000000000000   011221             00000000000000                                                                  000053
1021903727600017200000260206200016896                         00000000200773638656000000000000000000000000060630112126/200773600000000200773638656031221000000000119900102290  000000000000000000000000000000000000000000000000000000000000000000000000000000000000000119900000000000000000000000000   011221             00000000000000                                                                  000054
1021903727600017200000260206200016896                         00000000400009279020000000000000000000000000060630112126/400009200000000400009279020031221000000000800065500001  000000000000000000000000000000000000000000000000000000000000000000000000000000000000000800000000000000000000000000000   011221             00000000000000                                                                  000055
1021903727600017200000260206200016896                         00000000400010770005000000000000000000000000060630112126/400010700000000400010770005021221000000000800065500001  000000000000000000000000000000000000000000000000000000000000000000000000000000000000000800000000000000000000000000000   011221             00000000000000                                                                  000056
1021903727600017200000260206200016896                         00000000400126030319000000000000000000000000060630112126/400126000000000400126030319021221000000000800065500001  000000000000000000000000000000000000000000000000000000000000000000000000000000000000000800000000000000000000000000000   011221             00000000000000                                                                  000057
1021903727600017200000260206200016896                         00000000400127208723000000000000000000000000060630112126/400127200000000400127208723021221000000000800065500001  000000000000000000000000000000000000000000000000000000000000000000000000000000000000000800000000000000000000000000000   011221             00000000000000                                                                  000058
1021903727600017200000260206200016896                         00000000400134788425000000000000000000000000060630112126/400134700000000400134788425021221000000000800065500001  000000000000000000000000000000000000000000000000000000000000000000000000000000000000000800000000000000000000000000000   011221             00000000000000                                                                  000059
1021903727600017200000260206200016896                         00000000400154041857000000000000000000000000060630112126/400154000000000400154041857031221000000000800065500001  000000000000000000000000000000000000000000000000000000000000000000000000000000000000000800000000000000000000000000000   011221             00000000000000                                                                  000060
1021903727600017200000260206200016896                         00000000400174650159000000000000000000000000060630112126/400174600000000400174650159291121000000000800065500001  000000000000000000000000000000000000000000000000000000000000000000000000000000000000000800000000000000000000000000000   011221             00000000000000                                                                  000061
1021903727600017200000260206200016896                         00000000400175562288000000000000000000000000060630112126/400175500000000400175562288031221000000000800065500001  000000000000000000000000000000000000000000000000000000000000000000000000000000000000000800000000000000000000000000000   011221             00000000000000                                                                  000062
1021903727600017200000260206200016896                         0000000040017804542P000000000000000000000000060630112126/40017800000000040017804542P291121000000000800065500001  000000000000000000000000000000000000000000000000000000000000000000000000000000000000000800000000000000000000000000000   011221             00000000000000                                                                  000063
1021903727600017200000260206200016896                         00000000400191977633000000000000000000000000060630112126/400191900000000400191977633291121000000000800065500001  000000000000000000000000000000000000000000000000000000000000000000000000000000000000000800000000000000000000000000000   011221             00000000000000                                                                  000064
1021903727600017200000260206200016896                         00000000400195515367000000000000000000000000060630112126/400195500000000400195515367291121000000000800065500001  000000000000000000000000000000000000000000000000000000000000000000000000000000000000000800000000000000000000000000000   011221             00000000000000                                                                  000065
1021903727600017200000260206200016896                         00000000400198623950000000000000000000000000060630112126/400198600000000400198623950291121000000000800065500001  000000000000000000000000000000000000000000000000000000000000000000000000000000000000000800000000000000000000000000000   011221             00000000000000                                                                  000066
1021903727600017200000260206200016896                         00000000400255428957000000000000000000000000060630112126/400255400000000400255428957031221000000001500000103192  000000000000000000000000000000000000000000000000000000000000000000000000000000000000001500000000000000000000000000000   011221             00000000000000                                                                  000067
1021903727600017200000260206200016896                         00000000400325589287000000000000000000000000060630112126/400325500000000400325589287031221000000000800065500001  000000000000000000000000000000000000000000000000000000000000000000000000000000000000000800000000000000000000000000000   011221             00000000000000                                                                  000068
1021903727600017200000260206200016896                         00000000400330723749000000000000000000000000060630112126/400330700000000400330723749031221000000001800075604327  000000000000000000000000000000000000000000000000000000000000000000000000000000000000001800000000000000000000000000000   011221             00000000000000                                                                  000069
1021903727600017200000260206200016896                         00000000400332212067000000000000000000000000060630112126/400332200000000400332212067031221000000000800065500001  000000000000000000000000000000000000000000000000000000000000000000000000000000000000000800000000000000000000000000000   011221             00000000000000                                                                  000070
1021903727600017200000260206200016896                         00000000400333965980000000000000000000000000060630112126/400333900000000400333965980031221000000004000063300001  000000000000000000000000000000000000000000000000000000000000000000000000000000000000004000000000000000000000000000000   011221             00000000000000                                                                  000071
1021903727600017200000260206200016896                         00000000400339663943000000000000000000000000060630112126/400339600000000400339663943031221000000002000023703052  000000000000000000000000000000000000000000000000000000000000000000000000000000000000002000000000000000000000000000000   011221             00000000000000                                                                  000072
1021903727600017200000260206200016896                         00000000400340760774000000000000000000000000060630112126/400340700000000400340760774031221000000000800065500001  000000000000000000000000000000000000000000000000000000000000000000000000000000000000000800000000000000000000000000000   011221             00000000000000                                                                  000073
1021903727600017200000260206200016896                         0000000040039809247P000000000000000000000000060630112126/40039800000000040039809247P291121000000000800065500001  000000000000000000000000000000000000000000000000000000000000000000000000000000000000000800000000000000000000000000000   011221             00000000000000                                                                  000074
1021903727600017200000260206200016896                         00000000400440239974000000000000000000000000060630112126/400440200000000400440239974031221000000005000000100922  000000000000000000000000000000000000000000000000000000000000000000000000000000000000005000000000000000000000000000000   011221             00000000000000                                                                  000075
1021903727600017200000260206200016896                         00000000400449118789000000000000000000000000060630112126/400449100000000400449118789031221000000003490010400422  000000000000000000000000000000000000000000000000000000000000000000000000000000000000003490000000000000000000000000000   011221             00000000000000                                                                  000076
1021903727600017200000260206200016896                         00000000400453988232000000000000000000000000060630112126/400453900000000400453988232291121000000000800065500001  000000000000000000000000000000000000000000000000000000000000000000000000000000000000000800000000000000000000000000000   011221             00000000000000                                                                  000077
1021903727600017200000260206200016896                         00000000400468843583000000000000000000000000060630112126/400468800000000400468843583021221000000000800065500001  000000000000000000000000000000000000000000000000000000000000000000000000000000000000000800000000000000000000000000000   011221             00000000000000                                                                  000078
1021903727600017200000260206200016896                         00000000400476118154000000000000000000000000060630112126/400476100000000400476118154031221000000000800010401187  000000000000000000000000000000000000000000000000000000000000000000000000000000000000000800000000000000000000000000000   011221             00000000000000                                                                  000079
1021903727600017200000260206200016896                         00000000400479899718000000000000000000000000060630112126/400479800000000400479899718291121000000000800065500001  000000000000000000000000000000000000000000000000000000000000000000000000000000000000000800000000000000000000000000000   011221             00000000000000                                                                  000080
1021903727600017200000260206200016896                         00000000400497874927000000000000000000000000060630112126/400497800000000400497874927291121000000000800065500001  000000000000000000000000000000000000000000000000000000000000000000000000000000000000000800000000000000000000000000000   011221             00000000000000                                                                  000081
1021903727600017200000260206200016896                         00000000400504627264000000000000000000000000060630112126/400504600000000400504627264291121000000000800065500001  000000000000000000000000000000000000000000000000000000000000000000000000000000000000000800000000000000000000000000000   011221             00000000000000                                                                  000082
1021903727600017200000260206200016896                         00000000400510136353000000000000000000000000060630112126/400510100000000400510136353031221000000012000007700001  000000000000000000000000000000000000000000000000000000000000000000000000000000000000012000000000000000000000000000000   011221             00000000000000                                                                  000083
1021903727600017200000260206200016896                         00000000400556199775000000000000000000000000060630112126/400556100000000400556199775031221000000000800065500001  000000000000000000000000000000000000000000000000000000000000000000000000000000000000000800000000000000000000000000000   011221             00000000000000                                                                  000084
1021903727600017200000260206200016896                         0000000040055852357P000000000000000000000000060630112126/40055850000000040055852357P021221000000000800065500001  000000000000000000000000000000000000000000000000000000000000000000000000000000000000000800000000000000000000000000000   011221             00000000000000                                                                  000085
1021903727600017200000260206200016896                         0000000040061282128P000000000000000000000000060630112126/40061280000000040061282128P021221000000000800065500001  000000000000000000000000000000000000000000000000000000000000000000000000000000000000000800000000000000000000000000000   011221             00000000000000                                                                  000086
1021903727600017200000260206200016896                         00000000400624035921000000000000000000000000060630112126/400624000000000400624035921031221000000007800010400389  000000000000000000000000000000000000000000000000000000000000000000000000000000000000007800000000000000000000000000000   011221             00000000000000                                                                  000087
1021903727600017200000260206200016896                         00000000400648865658000000000000000000000000060630112126/400648800000000400648865658031221000000001600023700365  000000000000000000000000000000000000000000000000000000000000000000000000000000000000001600000000000000000000000000000   011221             00000000000000                                                                  000088
1021903727600017200000260206200016896                         00000000400651303091000000000000000000000000060630112126/400651300000000400651303091291121000000000800065500001  000000000000000000000000000000000000000000000000000000000000000000000000000000000000000800000000000000000000000000000   011221             00000000000000                                                                  000089
1021903727600017200000260206200016896                         00000000400659375008000000000000000000000000060630112126/400659300000000400659375008291121000000000800065500001  000000000000000000000000000000000000000000000000000000000000000000000000000000000000000800000000000000000000000000000   011221             00000000000000                                                                  000090
1021903727600017200000260206200016896                         0000000040067314082P000000000000000000000000060630112126/40067310000000040067314082P021221000000000800065500001  000000000000000000000000000000000000000000000000000000000000000000000000000000000000000800000000000000000000000000000   011221             00000000000000                                                                  000091
1021903727600017200000260206200016896                         0000000040069216327P000000000000000000000000060630112126/40069210000000040069216327P021221000000000800065500001  000000000000000000000000000000000000000000000000000000000000000000000000000000000000000800000000000000000000000000000   011221             00000000000000                                                                  000092
1021903727600017200000260206200016896                         00000000400711632286000000000000000000000000060630112126/400711600000000400711632286291121000000000800065500001  000000000000000000000000000000000000000000000000000000000000000000000000000000000000000800000000000000000000000000000   011221             00000000000000                                                                  000093
1021903727600017200000260206200016896                         00000000400745815754000000000000000000000000060630112126/400745800000000400745815754031221000000000800065500001  000000000000000000000000000000000000000000000000000000000000000000000000000000000000000800000000000000000000000000000   011221             00000000000000                                                                  000094
1021903727600017200000260206200016896                         00000000400759224848000000000000000000000000060630112126/400759200000000400759224848021221000000000800065500001  000000000000000000000000000000000000000000000000000000000000000000000000000000000000000800000000000000000000000000000   011221             00000000000000                                                                  000095
1021903727600017200000260206200016896                         00000000400783164201000000000000000000000000060630112126/400783100000000400783164201031221000000000800065500001  000000000000000000000000000000000000000000000000000000000000000000000000000000000000000800000000000000000000000000000   011221             00000000000000                                                                  000096
1021903727600017200000260206200016896                         00000000400788812465000000000000000000000000060630112126/400788800000000400788812465021221000000000800065500001  000000000000000000000000000000000000000000000000000000000000000000000000000000000000000800000000000000000000000000000   011221             00000000000000                                                                  000097
1021903727600017200000260206200016896                         00000000400807405426000000000000000000000000060630112126/400807400000000400807405426031221000000002400004100377  000000000000000000000000000000000000000000000000000000000000000000000000000000000000002400000000000000000000000000000   011221             00000000000000                                                                  000098
1021903727600017200000260206200016896                         00000000400870538126000000000000000000000000060630112126/400870500000000400870538126291121000000000800065500001  000000000000000000000000000000000000000000000000000000000000000000000000000000000000000800000000000000000000000000000   011221             00000000000000                                                                  000099
1021903727600017200000260206200016896                         00000000400916842704000000000000000000000000060630112126/400916800000000400916842704031221000000001610010401300  000000000000000000000000000000000000000000000000000000000000000000000000000000000000001610000000000000000000000000000   011221             00000000000000                                                                  000100
1021903727600017200000260206200016896                         00000000400935049543000000000000000000000000060630112126/400935000000000400935049543021221000000000800065500001  000000000000000000000000000000000000000000000000000000000000000000000000000000000000000800000000000000000000000000000   011221             00000000000000                                                                  000101
1021903727600017200000260206200016896                         00000000400952299774000000000000000000000000060630112126/400952200000000400952299774031221000000006000075604327  000000000000000000000000000000000000000000000000000000000000000000000000000000000000006000000000000000000000000000000   011221             00000000000000                                                                  000102
1021903727600017200000260206200016896                         00000000400996989999000000000000000000000000060630112126/400996900000000400996989999031221000000003500023705889  000000000000000000000000000000000000000000000000000000000000000000000000000000000000003500000000000000000000000000000   011221             00000000000000                                                                  000103
1021903727600017200000260206200016896                         00000000600944865387000000000000000000000000060630112126/600944800000000600944865387031221000000000640010400346  000000000000000000000000000000000000000000000000000000000000000000000000000000000000000640000000000000000000000000000   011221             00000000000000                                                                  000104
1021903727600017200000260206200016896                         00000000100031513378000000000000000000000000061030112126/100031500000000100031513378300921000000002475223700000  000000000000000000000000000000000000000000000000000000000000000000000000000000000000000000000000000000000000000000000                          1600000000                                                                  000105
1021903727600017200000260206200016896                         00000000400133319200000000000000000000000000061030112126/400133300000000400133319200300921000000000800023700000  000000000000000000000000000000000000000000000000000000000000000000000000000000000000000000000000000000000000000000000                          1600000000                                                                  000106
1021903727600017200000260206200016896                         0000000040030590657P000000000000000000000000061030112126/40030590000000040030590657P300921000000000800023700000  000000000000000000000000000000000000000000000000000000000000000000000000000000000000000000000000000000000000000000000                          1600000000                                                                  000107
1021903727600017200000260206200016896                         00000000400437471777000000000000000000000000061030112126/400437400000000400437471777300921000000000800023700000  000000000000000000000000000000000000000000000000000000000000000000000000000000000000000000000000000000000000000000000                          1600000000                                                                  000108
1021903727600017200000260206200016896                         0000000040053730701P000000000000000000000000061030112126/40053730000000040053730701P300921000000000800023700000  000000000000000000000000000000000000000000000000000000000000000000000000000000000000000000000000000000000000000000000                          1600000000                                                                  000109
1021903727600017200000260206200016896                         00000000400675540833000000000000000000000000061030112126/400675500000000400675540833300921000000000800023700000  000000000000000000000000000000000000000000000000000000000000000000000000000000000000000000000000000000000000000000000                          1600000000                                                                  000110
1021903727600017200000260206200016896                         00000000400776645040000000000000000000000000061030112126/400776600000000400776645040300921000000000800023700000  000000000000000000000000000000000000000000000000000000000000000000000000000000000000000000000000000000000000000000000                          1600000000                                                                  000111
1021903727600017200000260206200016896                         00000000400789527217000000000000000000000000061030112126/400789500000000400789527217300921000000000800023700000  000000000000000000000000000000000000000000000000000000000000000000000000000000000000000000000000000000000000000000000                          1600000000                                                                  000112
9201237          000003500000000752093700000818          00046000002546508000000964815000560000009648150000800000008075200000000000000000000000000000000000000000000000000000000000000000000                                                                                                                                                                              00000000000000000000000         000113
