02RETORNO01COBRANCA       00000000000005034448E-PREPAG ADMINISTRADORA DE CAR237BRADESCO       3009210160000000778                                                                                                                                                                                                                                                                          011021         000001
1021903727600017200000260206200016896                         00000000200129282166000000000000000000000000060230092126/200129200000000200129282166031021000000000500023704400  000000000008200000000000000000000000000000000000000000000000000000000000000000000000000000000000000000000000000000000                          0000000000                                                                  000002
1021903727600017200000260206200016896                         00000000200274657186000000000000000000000000060230092126/200274600000000200274657186031021000000001299623704426  000000000008200000000000000000000000000000000000000000000000000000000000000000000000000000000000000000000000000000000                          0000000000                                                                  000003
1021903727600017200000260206200016896                         00000000200337198616000000000000000000000000060230092126/200337100000000200337198616031021000000000649823704426  000000000008200000000000000000000000000000000000000000000000000000000000000000000000000000000000000000000000000000000                          0000000000                                                                  000004
1021903727600017200000260206200016896                         00000000200474043751000000000000000000000000060230092126/200474000000000200474043751031021000000000974723704426  000000000008200000000000000000000000000000000000000000000000000000000000000000000000000000000000000000000000000000000                          0000000000                                                                  000005
1021903727600017200000260206200016896                         00000000200596349320000000000000000000000000060230092126/200596300000000200596349320031021000000000344823704452  000000000008200000000000000000000000000000000000000000000000000000000000000000000000000000000000000000000000000000000                          0000000000                                                                  000006
1021903727600017200000260206200016896                         00000000200716673356000000000000000000000000060230092126/200716600000000200716673356031021000000000442323704428  000000000008200000000000000000000000000000000000000000000000000000000000000000000000000000000000000000000000000000000                          0000000000                                                                  000007
1021903727600017200000260206200016896                         00000000200771112649000000000000000000000000060230092126/200771100000000200771112649031021000000000319923704151  000000000008200000000000000000000000000000000000000000000000000000000000000000000000000000000000000000000000000000000                          0000000000                                                                  000008
1021903727600017200000260206200016896                         0000000020084602046P000000000000000000000000060230092126/20084600000000020084602046P031021000000000344823704151  000000000008200000000000000000000000000000000000000000000000000000000000000000000000000000000000000000000000000000000                          0000000000                                                                  000009
1021903727600017200000260206200016896                         00000000400023383698000000000000000000000000060230092126/400023300000000400023383698031021000000007000023702062  000000000008200000000000000000000000000000000000000000000000000000000000000000000000000000000000000000000000000000000                          0000000000                                                                  000010
1021903727600017200000260206200016896                         00000000400100312960000000000000000000000000060230092126/400100300000000400100312960031021000000000800023704159  000000000008200000000000000000000000000000000000000000000000000000000000000000000000000000000000000000000000000000000                          0000000000                                                                  000011
1021903727600017200000260206200016896                         00000000400111491417000000000000000000000000060230092126/400111400000000400111491417031021000000000800023704159  000000000008200000000000000000000000000000000000000000000000000000000000000000000000000000000000000000000000000000000                          0000000000                                                                  000012
1021903727600017200000260206200016896                         00000000400117238667000000000000000000000000060230092126/400117200000000400117238667031021000000000800023704159  000000000008200000000000000000000000000000000000000000000000000000000000000000000000000000000000000000000000000000000                          0000000000                                                                  000013
1021903727600017200000260206200016896                         00000000400144410919000000000000000000000000060230092126/400144400000000400144410919031021000000000800023704422  000000000008200000000000000000000000000000000000000000000000000000000000000000000000000000000000000000000000000000000                          0000000000                                                                  000014
1021903727600017200000260206200016896                         00000000400171435702000000000000000000000000060230092126/400171400000000400171435702031021000000000800023704422  000000000008200000000000000000000000000000000000000000000000000000000000000000000000000000000000000000000000000000000                          0000000000                                                                  000015
1021903727600017200000260206200016896                         00000000400179128582000000000000000000000000060230092126/400179100000000400179128582031021000000001450023704157  000000000008200000000000000000000000000000000000000000000000000000000000000000000000000000000000000000000000000000000                          0000000000                                                                  000016
1021903727600017200000260206200016896                         00000000400203767524000000000000000000000000060230092126/400203700000000400203767524031021000000000800023704422  000000000008200000000000000000000000000000000000000000000000000000000000000000000000000000000000000000000000000000000                          0000000000                                                                  000017
1021903727600017200000260206200016896                         00000000400236629240000000000000000000000000060230092126/400236600000000400236629240031021000000000800023704159  000000000008200000000000000000000000000000000000000000000000000000000000000000000000000000000000000000000000000000000                          0000000000                                                                  000018
1021903727600017200000260206200016896                         00000000400241430592000000000000000000000000060230092126/400241400000000400241430592031021000000006210023704154  000000000008200000000000000000000000000000000000000000000000000000000000000000000000000000000000000000000000000000000                          0000000000                                                                  000019
1021903727600017200000260206200016896                         00000000400251612621000000000000000000000000060230092126/400251600000000400251612621031021000000000800023704159  000000000008200000000000000000000000000000000000000000000000000000000000000000000000000000000000000000000000000000000                          0000000000                                                                  000020
1021903727600017200000260206200016896                         00000000400255454834000000000000000000000000060230092126/400255400000000400255454834031021000000000800023704422  000000000008200000000000000000000000000000000000000000000000000000000000000000000000000000000000000000000000000000000                          0000000000                                                                  000021
1021903727600017200000260206200016896                         0000000040027083564P000000000000000000000000060230092126/40027080000000040027083564P031021000000012000023700435  000000000008200000000000000000000000000000000000000000000000000000000000000000000000000000000000000000000000000000000                          0000000000                                                                  000022
1021903727600017200000260206200016896                         00000000400288114648000000000000000000000000060230092126/400288100000000400288114648031021000000000800023704159  000000000008200000000000000000000000000000000000000000000000000000000000000000000000000000000000000000000000000000000                          0000000000                                                                  000023
1021903727600017200000260206200016896                         00000000400320426193000000000000000000000000060230092126/400320400000000400320426193031021000000150000023704428  000000000008200000000000000000000000000000000000000000000000000000000000000000000000000000000000000000000000000000000                          7600000000                                                                  000024
1021903727600017200000260206200016896                         00000000400326845279000000000000000000000000060230092126/400326800000000400326845279031021000000000800023700140  000000000008200000000000000000000000000000000000000000000000000000000000000000000000000000000000000000000000000000000                          0000000000                                                                  000025
1021903727600017200000260206200016896                         00000000400336589734000000000000000000000000060230092126/400336500000000400336589734031021000000020000023704452  000000000008200000000000000000000000000000000000000000000000000000000000000000000000000000000000000000000000000000000                          0000000000                                                                  000026
1021903727600017200000260206200016896                         00000000400365558686000000000000000000000000060230092126/400365500000000400365558686031021000000003500023704426  000000000008200000000000000000000000000000000000000000000000000000000000000000000000000000000000000000000000000000000                          0000000000                                                                  000027
1021903727600017200000260206200016896                         00000000400393718184000000000000000000000000060230092126/400393700000000400393718184031021000000002000023704424  000000000008200000000000000000000000000000000000000000000000000000000000000000000000000000000000000000000000000000000                          0000000000                                                                  000028
1021903727600017200000260206200016896                         00000000400401019193000000000000000000000000060230092126/400401000000000400401019193031021000000000800023704422  000000000008200000000000000000000000000000000000000000000000000000000000000000000000000000000000000000000000000000000                          0000000000                                                                  000029
1021903727600017200000260206200016896                         00000000400453166380000000000000000000000000060230092126/400453100000000400453166380031021000000002700023704158  000000000008200000000000000000000000000000000000000000000000000000000000000000000000000000000000000000000000000000000                          0000000000                                                                  000030
1021903727600017200000260206200016896                         00000000400455147944000000000000000000000000060230092126/400455100000000400455147944031021000000000800023700320  000000000008200000000000000000000000000000000000000000000000000000000000000000000000000000000000000000000000000000000                          0000000000                                                                  000031
1021903727600017200000260206200016896                         00000000400495986582000000000000000000000000060230092126/400495900000000400495986582031021000000000800023704422  000000000008200000000000000000000000000000000000000000000000000000000000000000000000000000000000000000000000000000000                          0000000000                                                                  000032
1021903727600017200000260206200016896                         00000000400513130283000000000000000000000000060230092126/400513100000000400513130283031021000000000800023704159  000000000008200000000000000000000000000000000000000000000000000000000000000000000000000000000000000000000000000000000                          0000000000                                                                  000033
1021903727600017200000260206200016896                         00000000400529738370000000000000000000000000060230092126/400529700000000400529738370031021000000000800023704424  000000000008200000000000000000000000000000000000000000000000000000000000000000000000000000000000000000000000000000000                          0000000000                                                                  000034
1021903727600017200000260206200016896                         00000000400547686981000000000000000000000000060230092126/400547600000000400547686981031021000000000800023704159  000000000008200000000000000000000000000000000000000000000000000000000000000000000000000000000000000000000000000000000                          0000000000                                                                  000035
1021903727600017200000260206200016896                         00000000400548464133000000000000000000000000060230092126/400548400000000400548464133031021000000000800023704159  000000000008200000000000000000000000000000000000000000000000000000000000000000000000000000000000000000000000000000000                          0000000000                                                                  000036
1021903727600017200000260206200016896                         00000000400599912637000000000000000000000000060230092126/400599900000000400599912637031021000000000800023704159  000000000008200000000000000000000000000000000000000000000000000000000000000000000000000000000000000000000000000000000                          0000000000                                                                  000037
1021903727600017200000260206200016896                         00000000400612446063000000000000000000000000060230092126/400612400000000400612446063031021000000006200023704159  000000000008200000000000000000000000000000000000000000000000000000000000000000000000000000000000000000000000000000000                          0000000000                                                                  000038
1021903727600017200000260206200016896                         00000000400625541456000000000000000000000000060230092126/400625500000000400625541456031021000000000800023704422  000000000008200000000000000000000000000000000000000000000000000000000000000000000000000000000000000000000000000000000                          0000000000                                                                  000039
1021903727600017200000260206200016896                         00000000400640177353000000000000000000000000060230092126/400640100000000400640177353031021000000000800023704159  000000000008200000000000000000000000000000000000000000000000000000000000000000000000000000000000000000000000000000000                          0000000000                                                                  000040
1021903727600017200000260206200016896                         00000000400680439415000000000000000000000000060230092126/400680400000000400680439415031021000000001700023704158  000000000008200000000000000000000000000000000000000000000000000000000000000000000000000000000000000000000000000000000                          0000000000                                                                  000041
1021903727600017200000260206200016896                         00000000400687187918000000000000000000000000060230092126/400687100000000400687187918031021000000001500023704424  000000000008200000000000000000000000000000000000000000000000000000000000000000000000000000000000000000000000000000000                          0000000000                                                                  000042
1021903727600017200000260206200016896                         00000000400711235619000000000000000000000000060230092126/400711200000000400711235619031021000000000800023704159  000000000008200000000000000000000000000000000000000000000000000000000000000000000000000000000000000000000000000000000                          0000000000                                                                  000043
1021903727600017200000260206200016896                         00000000400711585997000000000000000000000000060230092126/400711500000000400711585997031021000000000800023704422  000000000008200000000000000000000000000000000000000000000000000000000000000000000000000000000000000000000000000000000                          0000000000                                                                  000044
1021903727600017200000260206200016896                         00000000400721687143000000000000000000000000060230092126/400721600000000400721687143031021000000000800023704422  000000000008200000000000000000000000000000000000000000000000000000000000000000000000000000000000000000000000000000000                          0000000000                                                                  000045
1021903727600017200000260206200016896                         00000000400731909381000000000000000000000000060230092126/400731900000000400731909381031021000000000800023704159  000000000008200000000000000000000000000000000000000000000000000000000000000000000000000000000000000000000000000000000                          0000000000                                                                  000046
1021903727600017200000260206200016896                         00000000400752567359000000000000000000000000060230092126/400752500000000400752567359031021000000000800023704422  000000000008200000000000000000000000000000000000000000000000000000000000000000000000000000000000000000000000000000000                          0000000000                                                                  000047
1021903727600017200000260206200016896                         00000000400758282445000000000000000000000000060230092126/400758200000000400758282445031021000000004760023704154  000000000008200000000000000000000000000000000000000000000000000000000000000000000000000000000000000000000000000000000                          0000000000                                                                  000048
1021903727600017200000260206200016896                         00000000400760363886000000000000000000000000060230092126/400760300000000400760363886031021000000002500023702062  000000000008200000000000000000000000000000000000000000000000000000000000000000000000000000000000000000000000000000000                          0000000000                                                                  000049
1021903727600017200000260206200016896                         00000000400773834985000000000000000000000000060230092126/400773800000000400773834985031021000000002500023704143  000000000008200000000000000000000000000000000000000000000000000000000000000000000000000000000000000000000000000000000                          0000000000                                                                  000050
1021903727600017200000260206200016896                         00000000400795335389000000000000000000000000060230092126/400795300000000400795335389031021000000000800023704159  000000000008200000000000000000000000000000000000000000000000000000000000000000000000000000000000000000000000000000000                          0000000000                                                                  000051
1021903727600017200000260206200016896                         00000000400801704502000000000000000000000000060230092126/400801700000000400801704502031021000000003000023704159  000000000008200000000000000000000000000000000000000000000000000000000000000000000000000000000000000000000000000000000                          0000000000                                                                  000052
1021903727600017200000260206200016896                         00000000400822550025000000000000000000000000060230092126/400822500000000400822550025031021000000005000023704144  000000000008200000000000000000000000000000000000000000000000000000000000000000000000000000000000000000000000000000000                          0000000000                                                                  000053
1021903727600017200000260206200016896                         00000000400829525689000000000000000000000000060230092126/400829500000000400829525689031021000000011000023704157  000000000008200000000000000000000000000000000000000000000000000000000000000000000000000000000000000000000000000000000                          0000000000                                                                  000054
1021903727600017200000260206200016896                         00000000400844518141000000000000000000000000060230092126/400844500000000400844518141031021000000000800023704452  000000000008200000000000000000000000000000000000000000000000000000000000000000000000000000000000000000000000000000000                          0000000000                                                                  000055
1021903727600017200000260206200016896                         00000000400873542531000000000000000000000000060230092126/400873500000000400873542531031021000000012000023704147  000000000008200000000000000000000000000000000000000000000000000000000000000000000000000000000000000000000000000000000                          7600000000                                                                  000056
1021903727600017200000260206200016896                         00000000400901141939000000000000000000000000060230092126/400901100000000400901141939031021000000001500023700320  000000000008200000000000000000000000000000000000000000000000000000000000000000000000000000000000000000000000000000000                          0000000000                                                                  000057
1021903727600017200000260206200016896                         00000000400909685075000000000000000000000000060230092126/400909600000000400909685075031021000000001500023704424  000000000008200000000000000000000000000000000000000000000000000000000000000000000000000000000000000000000000000000000                          0000000000                                                                  000058
1021903727600017200000260206200016896                         00000000400930602139000000000000000000000000060230092126/400930600000000400930602139031021000000000800023704159  000000000008200000000000000000000000000000000000000000000000000000000000000000000000000000000000000000000000000000000                          0000000000                                                                  000059
1021903727600017200000260206200016896                         00000000400972602430000000000000000000000000060230092126/400972600000000400972602430031021000000006140023700140  000000000008200000000000000000000000000000000000000000000000000000000000000000000000000000000000000000000000000000000                          0000000000                                                                  000060
1021903727600017200000260206200016896                         00000000400988423714000000000000000000000000060230092126/400988400000000400988423714031021000000001000023704400  000000000008200000000000000000000000000000000000000000000000000000000000000000000000000000000000000000000000000000000                          0000000000                                                                  000061
1021903727600017200000260206200016896                         00000000400991334919000000000000000000000000060230092126/400991300000000400991334919031021000000000800023704159  000000000008200000000000000000000000000000000000000000000000000000000000000000000000000000000000000000000000000000000                          0000000000                                                                  000062
1021903727600017200000260206200016896                         00000000400994887250000000000000000000000000060230092126/400994800000000400994887250031021000000000800023704452  000000000008200000000000000000000000000000000000000000000000000000000000000000000000000000000000000000000000000000000                          0000000000                                                                  000063
1021903727600017200000260206200016896                         00000000200129282166000000000000000000000000060630092126/200129200000000200129282166031021000000000500026000001  000000000000000000000000000000000000000000000000000000000000000000000000000000000000000500000000000000000000000000000   011021             00000000000000                                                                  000064
1021903727600017200000260206200016896                         00000000200292114726000000000000000000000000060630092126/200292100000000200292114726021021000000000210010401437  000000000000000000000000000000000000000000000000000000000000000000000000000000000000000210000000000000000000000000000   011021             00000000000000                                                                  000065
1021903727600017200000260206200016896                         00000000200596349320000000000000000000000000060630092126/200596300000000200596349320031021000000000344807700001  000000000000000000000000000000000000000000000000000000000000000000000000000000000000000344800000000000000000000000000   011021             00000000000000                                                                  000066
1021903727600017200000260206200016896                         00000000400023383698000000000000000000000000060630092126/400023300000000400023383698031021000000007000010403016  000000000000000000000000000000000000000000000000000000000000000000000000000000000000007000000000000000000000000000000   011021             00000000000000                                                                  000067
1021903727600017200000260206200016896                         00000000400130933277000000000000000000000000060630092126/400130900000000400130933277011021000000012000023700048  000000000000000000000000000000000000000000000000000000000000000000000000000000000000012000000000000000000000000000000   011021             00000000000000                                                                  000068
1021903727600017200000260206200016896                         00000000400144410919000000000000000000000000060630092126/400144400000000400144410919031021000000000800065500001  000000000000000000000000000000000000000000000000000000000000000000000000000000000000000800000000000000000000000000000   011021             00000000000000                                                                  000069
1021903727600017200000260206200016896                         00000000400171435702000000000000000000000000060630092126/400171400000000400171435702031021000000000800065500001  000000000000000000000000000000000000000000000000000000000000000000000000000000000000000800000000000000000000000000000   011021             00000000000000                                                                  000070
1021903727600017200000260206200016896                         00000000400179128582000000000000000000000000060630092126/400179100000000400179128582031021000000001450008501127  000000000000000000000000000000000000000000000000000000000000000000000000000000000000001450000000000000000000000000000   011021             00000000000000                                                                  000071
1021903727600017200000260206200016896                         00000000400203767524000000000000000000000000060630092126/400203700000000400203767524031021000000000800065500001  000000000000000000000000000000000000000000000000000000000000000000000000000000000000000800000000000000000000000000000   011021             00000000000000                                                                  000072
1021903727600017200000260206200016896                         00000000400255454834000000000000000000000000060630092126/400255400000000400255454834031021000000000800065500001  000000000000000000000000000000000000000000000000000000000000000000000000000000000000000800000000000000000000000000000   011021             00000000000000                                                                  000073
1021903727600017200000260206200016896                         0000000040027083564P000000000000000000000000060630092126/40027080000000040027083564P031021000000012000010400041  000000000000000000000000000000000000000000000000000000000000000000000000000000000000012000000000000000000000000000000   011021             00000000000000                                                                  000074
1021903727600017200000260206200016896                         00000000400281361577000000000000000000000000060630092126/400281300000000400281361577300921000000000800075604327  000000000000000000000000000000000000000000000000000000000000000000000000000000000000000800000000000000000000000000000   011021             00000000000000                                                                  000075
1021903727600017200000260206200016896                         00000000400291578892000000000000000000000000060630092126/400291500000000400291578892021021000000000800065500001  000000000000000000000000000000000000000000000000000000000000000000000000000000000000000800000000000000000000000000000   011021             00000000000000                                                                  000076
1021903727600017200000260206200016896                         00000000400320426193000000000000000000000000060630092126/400320400000000400320426193031021000000150000000103478  000000000000000000000000000000000000000000000000000000000000000000000000000000000000150000000000000000000000000000000   011021             00000000000000                                                                  000077
1021903727600017200000260206200016896                         00000000400326845279000000000000000000000000060630092126/400326800000000400326845279031021000000000800010403189  000000000000000000000000000000000000000000000000000000000000000000000000000000000000000800000000000000000000000000000   011021             00000000000000                                                                  000078
1021903727600017200000260206200016896                         00000000400336589734000000000000000000000000060630092126/400336500000000400336589734031021000000020000065500001  000000000000000000000000000000000000000000000000000000000000000000000000000000000000020000000000000000000000000000000   011021             00000000000000                                                                  000079
1021903727600017200000260206200016896                         00000000400393718184000000000000000000000000060630092126/400393700000000400393718184031021000000002000003302271  000000000000000000000000000000000000000000000000000000000000000000000000000000000000002000000000000000000000000000000   011021             00000000000000                                                                  000080
1021903727600017200000260206200016896                         00000000400401019193000000000000000000000000060630092126/400401000000000400401019193031021000000000800065500001  000000000000000000000000000000000000000000000000000000000000000000000000000000000000000800000000000000000000000000000   011021             00000000000000                                                                  000081
1021903727600017200000260206200016896                         00000000400455147944000000000000000000000000060630092126/400455100000000400455147944031021000000000800063300001  000000000000000000000000000000000000000000000000000000000000000000000000000000000000000800000000000000000000000000000   011021             00000000000000                                                                  000082
1021903727600017200000260206200016896                         00000000400495986582000000000000000000000000060630092126/400495900000000400495986582031021000000000800065500001  000000000000000000000000000000000000000000000000000000000000000000000000000000000000000800000000000000000000000000000   011021             00000000000000                                                                  000083
1021903727600017200000260206200016896                         00000000400529738370000000000000000000000000060630092126/400529700000000400529738370031021000000000800021200001  000000000000000000000000000000000000000000000000000000000000000000000000000000000000000800000000000000000000000000000   011021             00000000000000                                                                  000084
1021903727600017200000260206200016896                         00000000400612446063000000000000000000000000060630092126/400612400000000400612446063031021000000006200010401580  000000000000000000000000000000000000000000000000000000000000000000000000000000000000006200000000000000000000000000000   011021             00000000000000                                                                  000085
1021903727600017200000260206200016896                         00000000400625541456000000000000000000000000060630092126/400625500000000400625541456031021000000000800065500001  000000000000000000000000000000000000000000000000000000000000000000000000000000000000000800000000000000000000000000000   011021             00000000000000                                                                  000086
1021903727600017200000260206200016896                         00000000400658851612000000000000000000000000060630092126/400658800000000400658851612021021000000004000010400795  000000000000000000000000000000000000000000000000000000000000000000000000000000000000004000000000000000000000000000000   011021             00000000000000                                                                  000087
1021903727600017200000260206200016896                         00000000400680439415000000000000000000000000060630092126/400680400000000400680439415031021000000001700023700365  000000000000000000000000000000000000000000000000000000000000000000000000000000000000001700000000000000000000000000000   011021             00000000000000                                                                  000088
1021903727600017200000260206200016896                         00000000400687187918000000000000000000000000060630092126/400687100000000400687187918031021000000001500010403880  000000000000000000000000000000000000000000000000000000000000000000000000000000000000001500000000000000000000000000000   011021             00000000000000                                                                  000089
1021903727600017200000260206200016896                         00000000400711585997000000000000000000000000060630092126/400711500000000400711585997031021000000000800065500001  000000000000000000000000000000000000000000000000000000000000000000000000000000000000000800000000000000000000000000000   011021             00000000000000                                                                  000090
1021903727600017200000260206200016896                         00000000400719933994000000000000000000000000060630092126/400719900000000400719933994021021000000005110002100112  000000000000000000000000000000000000000000000000000000000000000000000000000000000000005110000000000000000000000000000   011021             00000000000000                                                                  000091
1021903727600017200000260206200016896                         00000000400721687143000000000000000000000000060630092126/400721600000000400721687143031021000000000800065500001  000000000000000000000000000000000000000000000000000000000000000000000000000000000000000800000000000000000000000000000   011021             00000000000000                                                                  000092
1021903727600017200000260206200016896                         00000000400731909381000000000000000000000000060630092126/400731900000000400731909381031021000000000800075604327  000000000000000000000000000000000000000000000000000000000000000000000000000000000000000800000000000000000000000000000   011021             00000000000000                                                                  000093
1021903727600017200000260206200016896                         00000000400744462149000000000000000000000000060630092126/400744400000000400744462149021021000000001500010403880  000000000000000000000000000000000000000000000000000000000000000000000000000000000000001500000000000000000000000000000   011021             00000000000000                                                                  000094
1021903727600017200000260206200016896                         00000000400752567359000000000000000000000000060630092126/400752500000000400752567359031021000000000800065500001  000000000000000000000000000000000000000000000000000000000000000000000000000000000000000800000000000000000000000000000   011021             00000000000000                                                                  000095
1021903727600017200000260206200016896                         00000000400758282445000000000000000000000000060630092126/400758200000000400758282445031021000000004760002100112  000000000000000000000000000000000000000000000000000000000000000000000000000000000000004760000000000000000000000000000   011021             00000000000000                                                                  000096
1021903727600017200000260206200016896                         00000000400760363886000000000000000000000000060630092126/400760300000000400760363886031021000000002500010403880  000000000000000000000000000000000000000000000000000000000000000000000000000000000000002500000000000000000000000000000   011021             00000000000000                                                                  000097
1021903727600017200000260206200016896                         0000000040076198972P000000000000000000000000060630092126/40076190000000040076198972P011021000000100000000103478  000000000000000000000000000000000000000000000000000000000000000000000000000000000000100000000000000000000000000000000   011021             00000000000000                                                                  000098
1021903727600017200000260206200016896                         00000000400773834985000000000000000000000000060630092126/400773800000000400773834985031021000000002500010404692  000000000000000000000000000000000000000000000000000000000000000000000000000000000000002500000000000000000000000000000   011021             00000000000000                                                                  000099
1021903727600017200000260206200016896                         0000000040079121207P000000000000000000000000060630092126/40079120000000040079121207P300921000000000800075604327  000000000000000000000000000000000000000000000000000000000000000000000000000000000000000800000000000000000000000000000   011021             00000000000000                                                                  000100
1021903727600017200000260206200016896                         00000000400798500909000000000000000000000000060630092126/400798500000000400798500909300921000000012000023703733  000000000000000000000000000000000000000000000000000000000000000000000000000000000000012000000000000000000000000000000   011021             00000000000000                                                                  000101
1021903727600017200000260206200016896                         00000000400801704502000000000000000000000000060630092126/400801700000000400801704502031021000000003000000100922  000000000000000000000000000000000000000000000000000000000000000000000000000000000000003000000000000000000000000000000   011021             00000000000000                                                                  000102
1021903727600017200000260206200016896                         00000000400822550025000000000000000000000000060630092126/400822500000000400822550025031021000000005000010400397  000000000000000000000000000000000000000000000000000000000000000000000000000000000000005000000000000000000000000000000   011021             00000000000000                                                                  000103
1021903727600017200000260206200016896                         00000000400829525689000000000000000000000000060630092126/400829500000000400829525689031021000000011000007700001  000000000000000000000000000000000000000000000000000000000000000000000000000000000000011000000000000000000000000000000   011021             00000000000000                                                                  000104
1021903727600017200000260206200016896                         00000000400844518141000000000000000000000000060630092126/400844500000000400844518141031021000000000800075604327  000000000000000000000000000000000000000000000000000000000000000000000000000000000000000800000000000000000000000000000   011021             00000000000000                                                                  000105
1021903727600017200000260206200016896                         00000000400901141939000000000000000000000000060630092126/400901100000000400901141939031021000000001500010403880  000000000000000000000000000000000000000000000000000000000000000000000000000000000000001500000000000000000000000000000   011021             00000000000000                                                                  000106
1021903727600017200000260206200016896                         00000000400909685075000000000000000000000000060630092126/400909600000000400909685075031021000000001500010403880  000000000000000000000000000000000000000000000000000000000000000000000000000000000000001500000000000000000000000000000   011021             00000000000000                                                                  000107
1021903727600017200000260206200016896                         00000000400972602430000000000000000000000000060630092126/400972600000000400972602430031021000000006140007000264  000000000000000000000000000000000000000000000000000000000000000000000000000000000000006140000000000000000000000000000   011021             00000000000000                                                                  000108
1021903727600017200000260206200016896                         00000000400988423714000000000000000000000000060630092126/400988400000000400988423714031021000000001000010402247  000000000000000000000000000000000000000000000000000000000000000000000000000000000000001000000000000000000000000000000   011021             00000000000000                                                                  000109
1021903727600017200000260206200016896                         00000000400994887250000000000000000000000000060630092126/400994800000000400994887250031021000000000800075604327  000000000000000000000000000000000000000000000000000000000000000000000000000000000000000800000000000000000000000000000   011021             00000000000000                                                                  000110
1021903727600017200000260206200016896                         00000000200154049212000000000000000000000000061030092126/200154000000000200154049212310721000000000304423700000  000000000000000000000000000000000000000000000000000000000000000000000000000000000000000000000000000000000000000000000                          1600000000                                                                  000111
1021903727600017200000260206200016896                         00000000200621565386000000000000000000000000061030092126/200621500000000200621565386310721000000000049923700000  000000000000000000000000000000000000000000000000000000000000000000000000000000000000000000000000000000000000000000000                          1600000000                                                                  000112
1021903727600017200000260206200016896                         00000000200995987705000000000000000000000000061030092126/200995900000000200995987705310721000000000999923700000  000000000000000000000000000000000000000000000000000000000000000000000000000000000000000000000000000000000000000000000                          1600000000                                                                  000113
1021903727600017200000260206200016896                         00000000400452538292000000000000000000000000061030092126/400452500000000400452538292310721000000000800023700000  000000000000000000000000000000000000000000000000000000000000000000000000000000000000000000000000000000000000000000000                          1600000000                                                                  000114
1021903727600017200000260206200016896                         00000000400580561264000000000000000000000000061030092126/400580500000000400580561264310721000000000800023700000  000000000000000000000000000000000000000000000000000000000000000000000000000000000000000000000000000000000000000000000                          1600000000                                                                  000115
1021903727600017200000260206200016896                         00000000400752884796000000000000000000000000061030092126/400752800000000400752884796310721000000005000023700000  000000000000000000000000000000000000000000000000000000000000000000000000000000000000000000000000000000000000000000000                          1600000000                                                                  000116
9201237          000007280000001901654400000778          00062000002948359000003916148000470000039161480000600000007954200000000000000000000000000000000000000000000000000000000000000000000                                                                                                                                                                              00000000000000000000000         000117
