02RETORNO01COBRANCA       00000000000005034448E-PREPAG ADMINISTRADORA DE CAR237BRADESCO       3009220160000001029                                                                                                                                                                                                                                                                          031022         000001
1021903727600017200000260206200016896                         00000000200174302704000000000000000000000000060230092226/200174300000000200174302704031022000000000343423704159  000000000008200000000000000000000000000000000000000000000000000000000000000000000000000000000000000000000000000000000                          0000000000                                                                  000002
1021903727600017200000260206200016896                         00000000200627174885000000000000000000000000060230092226/200627100000000200627174885031022000000000197823704426  000000000008200000000000000000000000000000000000000000000000000000000000000000000000000000000000000000000000000000000                          0000000000                                                                  000003
1021903727600017200000260206200016896                         00000000400059740098000000000000000000000000060230092226/400059700000000400059740098031022000000000800023704159  000000000008200000000000000000000000000000000000000000000000000000000000000000000000000000000000000000000000000000000                          0000000000                                                                  000004
1021903727600017200000260206200016896                         00000000400096026877000000000000000000000000060230092226/400096000000000400096026877031022000000000800023704159  000000000008200000000000000000000000000000000000000000000000000000000000000000000000000000000000000000000000000000000                          0000000000                                                                  000005
1021903727600017200000260206200016896                         00000000400176527427000000000000000000000000060230092226/400176500000000400176527427031022000000000800023704159  000000000008200000000000000000000000000000000000000000000000000000000000000000000000000000000000000000000000000000000                          0000000000                                                                  000006
1021903727600017200000260206200016896                         00000000400188284228000000000000000000000000060230092226/400188200000000400188284228031022000000000800023704159  000000000008200000000000000000000000000000000000000000000000000000000000000000000000000000000000000000000000000000000                          0000000000                                                                  000007
1021903727600017200000260206200016896                         00000000400270505208000000000000000000000000060230092226/400270500000000400270505208031022000000000800023704159  000000000008200000000000000000000000000000000000000000000000000000000000000000000000000000000000000000000000000000000                          0000000000                                                                  000008
1021903727600017200000260206200016896                         00000000400285910818000000000000000000000000060230092226/400285900000000400285910818031022000000000800023704159  000000000008200000000000000000000000000000000000000000000000000000000000000000000000000000000000000000000000000000000                          0000000000                                                                  000009
1021903727600017200000260206200016896                         00000000400385362591000000000000000000000000060230092226/400385300000000400385362591031022000000000800023704159  000000000008200000000000000000000000000000000000000000000000000000000000000000000000000000000000000000000000000000000                          0000000000                                                                  000010
1021903727600017200000260206200016896                         00000000400398628590000000000000000000000000060230092226/400398600000000400398628590031022000000000800023704159  000000000008200000000000000000000000000000000000000000000000000000000000000000000000000000000000000000000000000000000                          0000000000                                                                  000011
1021903727600017200000260206200016896                         00000000400419844140000000000000000000000000060230092226/400419800000000400419844140031022000000000800023704159  000000000008200000000000000000000000000000000000000000000000000000000000000000000000000000000000000000000000000000000                          0000000000                                                                  000012
1021903727600017200000260206200016896                         00000000400458929153000000000000000000000000060230092226/400458900000000400458929153031022000000000800023704159  000000000008200000000000000000000000000000000000000000000000000000000000000000000000000000000000000000000000000000000                          0000000000                                                                  000013
1021903727600017200000260206200016896                         00000000400625206541000000000000000000000000060230092226/400625200000000400625206541031022000000000800023704159  000000000008200000000000000000000000000000000000000000000000000000000000000000000000000000000000000000000000000000000                          0000000000                                                                  000014
1021903727600017200000260206200016896                         00000000400757753487000000000000000000000000060230092226/400757700000000400757753487031022000000003600023704159  000000000008200000000000000000000000000000000000000000000000000000000000000000000000000000000000000000000000000000000                          0000000000                                                                  000015
1021903727600017200000260206200016896                         00000000400767338453000000000000000000000000060230092226/400767300000000400767338453031022000000000800023704159  000000000008200000000000000000000000000000000000000000000000000000000000000000000000000000000000000000000000000000000                          0000000000                                                                  000016
1021903727600017200000260206200016896                         00000000400831403183000000000000000000000000060230092226/400831400000000400831403183031022000000000800023704159  000000000008200000000000000000000000000000000000000000000000000000000000000000000000000000000000000000000000000000000                          0000000000                                                                  000017
1021903727600017200000260206200016896                         00000000400850821743000000000000000000000000060230092226/400850800000000400850821743031022000000000800023704159  000000000008200000000000000000000000000000000000000000000000000000000000000000000000000000000000000000000000000000000                          0000000000                                                                  000018
1021903727600017200000260206200016896                         00000000400929502147000000000000000000000000060230092226/400929500000000400929502147031022000000000800023704159  000000000008200000000000000000000000000000000000000000000000000000000000000000000000000000000000000000000000000000000                          0000000000                                                                  000019
1021903727600017200000260206200016896                         00000000400957845297000000000000000000000000060230092226/400957800000000400957845297031022000000000800023704158  000000000008200000000000000000000000000000000000000000000000000000000000000000000000000000000000000000000000000000000                          0000000000                                                                  000020
1021903727600017200000260206200016896                         00000000400059740098000000000000000000000000060630092226/400059700000000400059740098031022000000000800065500001  000000000000000000000000000000000000000000000000000000000000000000000000000000000000000800000000000000000000000000000   031022             00000000000000                                                                  000021
1021903727600017200000260206200016896                         00000000400096026877000000000000000000000000060630092226/400096000000000400096026877031022000000000800065500001  000000000000000000000000000000000000000000000000000000000000000000000000000000000000000800000000000000000000000000000   031022             00000000000000                                                                  000022
1021903727600017200000260206200016896                         00000000400176527427000000000000000000000000060630092226/400176500000000400176527427031022000000000800065500001  000000000000000000000000000000000000000000000000000000000000000000000000000000000000000800000000000000000000000000000   031022             00000000000000                                                                  000023
1021903727600017200000260206200016896                         00000000400188284228000000000000000000000000060630092226/400188200000000400188284228031022000000000800065500001  000000000000000000000000000000000000000000000000000000000000000000000000000000000000000800000000000000000000000000000   031022             00000000000000                                                                  000024
1021903727600017200000260206200016896                         00000000400270505208000000000000000000000000060630092226/400270500000000400270505208031022000000000800065500001  000000000000000000000000000000000000000000000000000000000000000000000000000000000000000800000000000000000000000000000   031022             00000000000000                                                                  000025
1021903727600017200000260206200016896                         00000000400285910818000000000000000000000000060630092226/400285900000000400285910818031022000000000800065500001  000000000000000000000000000000000000000000000000000000000000000000000000000000000000000800000000000000000000000000000   031022             00000000000000                                                                  000026
1021903727600017200000260206200016896                         00000000400385362591000000000000000000000000060630092226/400385300000000400385362591031022000000000800065500001  000000000000000000000000000000000000000000000000000000000000000000000000000000000000000800000000000000000000000000000   031022             00000000000000                                                                  000027
1021903727600017200000260206200016896                         00000000400398628590000000000000000000000000060630092226/400398600000000400398628590031022000000000800065500001  000000000000000000000000000000000000000000000000000000000000000000000000000000000000000800000000000000000000000000000   031022             00000000000000                                                                  000028
1021903727600017200000260206200016896                         00000000400419844140000000000000000000000000060630092226/400419800000000400419844140031022000000000800065500001  000000000000000000000000000000000000000000000000000000000000000000000000000000000000000800000000000000000000000000000   031022             00000000000000                                                                  000029
1021903727600017200000260206200016896                         00000000400458929153000000000000000000000000060630092226/400458900000000400458929153031022000000000800065500001  000000000000000000000000000000000000000000000000000000000000000000000000000000000000000800000000000000000000000000000   031022             00000000000000                                                                  000030
1021903727600017200000260206200016896                         00000000400625206541000000000000000000000000060630092226/400625200000000400625206541031022000000000800065500001  000000000000000000000000000000000000000000000000000000000000000000000000000000000000000800000000000000000000000000000   031022             00000000000000                                                                  000031
1021903727600017200000260206200016896                         00000000400757753487000000000000000000000000060630092226/400757700000000400757753487031022000000003600075604327  000000000000000000000000000000000000000000000000000000000000000000000000000000000000003600000000000000000000000000000   031022             00000000000000                                                                  000032
1021903727600017200000260206200016896                         00000000400767338453000000000000000000000000060630092226/400767300000000400767338453031022000000000800065500001  000000000000000000000000000000000000000000000000000000000000000000000000000000000000000800000000000000000000000000000   031022             00000000000000                                                                  000033
1021903727600017200000260206200016896                         00000000400831403183000000000000000000000000060630092226/400831400000000400831403183031022000000000800065500001  000000000000000000000000000000000000000000000000000000000000000000000000000000000000000800000000000000000000000000000   031022             00000000000000                                                                  000034
1021903727600017200000260206200016896                         00000000400850821743000000000000000000000000060630092226/400850800000000400850821743031022000000000800065500001  000000000000000000000000000000000000000000000000000000000000000000000000000000000000000800000000000000000000000000000   031022             00000000000000                                                                  000035
1021903727600017200000260206200016896                         00000000400902195854000000000000000000000000060630092226/400902100000000400902195854021022000000001000063300001  000000000000000000000000000000000000000000000000000000000000000000000000000000000000001000000000000000000000000000000   031022             00000000000000                                                                  000036
1021903727600017200000260206200016896                         00000000400929502147000000000000000000000000060630092226/400929500000000400929502147031022000000000800065500001  000000000000000000000000000000000000000000000000000000000000000000000000000000000000000800000000000000000000000000000   031022             00000000000000                                                                  000037
1021903727600017200000260206200016896                         00000000400957845297000000000000000000000000060630092226/400957800000000400957845297031022000000000800023700365  000000000000000000000000000000000000000000000000000000000000000000000000000000000000000800000000000000000000000000000   031022             00000000000000                                                                  000038
1021903727600017200000260206200016896                         00000000400154112886000000000000000000000000061030092226/400154100000000400154112886310722000000001600023700000  000000000000000000000000000000000000000000000000000000000000000000000000000000000000000000000000000000000000000000000                          1600000000                                                                  000039
1021903727600017200000260206200016896                         0000000040023564338P000000000000000000000000061030092226/40023560000000040023564338P310722000000001300023700000  000000000000000000000000000000000000000000000000000000000000000000000000000000000000000000000000000000000000000000000                          1600000000                                                                  000040
1021903727600017200000260206200016896                         00000000400578207976000000000000000000000000061030092226/400578200000000400578207976310722000000000800023700000  000000000000000000000000000000000000000000000000000000000000000000000000000000000000000000000000000000000000000000000                          1600000000                                                                  000041
1021903727600017200000260206200016896                         00000000400692860434000000000000000000000000061030092226/400692800000000400692860434310722000000001300023700000  000000000000000000000000000000000000000000000000000000000000000000000000000000000000000000000000000000000000000000000                          1600000000                                                                  000042
1021903727600017200000260206200016896                         00000000400954782650000000000000000000000000061030092226/400954700000000400954782650310722000000001500023700000  000000000000000000000000000000000000000000000000000000000000000000000000000000000000000000000000000000000000000000000                          1600000000                                                                  000043
9201237          000001160000000501845100001029          00019000000169412000000174000000180000001740000000500000006500000000000000000000000000000000000000000000000000000000000000000000000                                                                                                                                                                              00000000000000000000000         000044
