02RETORNO01COBRANCA       00000000000005034448E-PREPAG ADMINISTRADORA DE CAR237BRADESCO       0111220160000001050                                                                                                                                                                                                                                                                          031122         000001
1021903727600017200000260206200016896                         00000000400144146871000000000000000000000000060201112226/400144100000000400144146871041122000000000800023704159  000000000008200000000000000000000000000000000000000000000000000000000000000000000000000000000000000000000000000000000                          0000000000                                                                  000002
1021903727600017200000260206200016896                         00000000400157351857000000000000000000000000060201112226/400157300000000400157351857041122000000000800023704159  000000000008200000000000000000000000000000000000000000000000000000000000000000000000000000000000000000000000000000000                          0000000000                                                                  000003
1021903727600017200000260206200016896                         00000000400161332573000000000000000000000000060201112226/400161300000000400161332573041122000000000800023704159  000000000008200000000000000000000000000000000000000000000000000000000000000000000000000000000000000000000000000000000                          0000000000                                                                  000004
1021903727600017200000260206200016896                         00000000400174347200000000000000000000000000060201112226/400174300000000400174347200041122000000000800023704159  000000000008200000000000000000000000000000000000000000000000000000000000000000000000000000000000000000000000000000000                          0000000000                                                                  000005
1021903727600017200000260206200016896                         00000000400193816688000000000000000000000000060201112226/400193800000000400193816688041122000000000800023704159  000000000008200000000000000000000000000000000000000000000000000000000000000000000000000000000000000000000000000000000                          0000000000                                                                  000006
1021903727600017200000260206200016896                         00000000400200972143000000000000000000000000060201112226/400200900000000400200972143041122000000000800023704159  000000000008200000000000000000000000000000000000000000000000000000000000000000000000000000000000000000000000000000000                          0000000000                                                                  000007
1021903727600017200000260206200016896                         00000000400282365843000000000000000000000000060201112226/400282300000000400282365843041122000000000800023704159  000000000008200000000000000000000000000000000000000000000000000000000000000000000000000000000000000000000000000000000                          0000000000                                                                  000008
1021903727600017200000260206200016896                         00000000400429144015000000000000000000000000060201112226/400429100000000400429144015041122000000000800023704159  000000000008200000000000000000000000000000000000000000000000000000000000000000000000000000000000000000000000000000000                          0000000000                                                                  000009
1021903727600017200000260206200016896                         00000000400476647467000000000000000000000000060201112226/400476600000000400476647467041122000000000800023704158  000000000008200000000000000000000000000000000000000000000000000000000000000000000000000000000000000000000000000000000                          0000000000                                                                  000010
1021903727600017200000260206200016896                         00000000400505073742000000000000000000000000060201112226/400505000000000400505073742041122000000000800023704159  000000000008200000000000000000000000000000000000000000000000000000000000000000000000000000000000000000000000000000000                          0000000000                                                                  000011
1021903727600017200000260206200016896                         00000000400595722019000000000000000000000000060201112226/400595700000000400595722019041122000000000800023704159  000000000008200000000000000000000000000000000000000000000000000000000000000000000000000000000000000000000000000000000                          0000000000                                                                  000012
1021903727600017200000260206200016896                         00000000400826632794000000000000000000000000060201112226/400826600000000400826632794041122000000001500023704159  000000000008200000000000000000000000000000000000000000000000000000000000000000000000000000000000000000000000000000000                          0000000000                                                                  000013
1021903727600017200000260206200016896                         00000000400827955376000000000000000000000000060201112226/400827900000000400827955376041122000000002000023704154  000000000008200000000000000000000000000000000000000000000000000000000000000000000000000000000000000000000000000000000                          0000000000                                                                  000014
1021903727600017200000260206200016896                         00000000400874123095000000000000000000000000060201112226/400874100000000400874123095041122000000000800023704159  000000000008200000000000000000000000000000000000000000000000000000000000000000000000000000000000000000000000000000000                          0000000000                                                                  000015
1021903727600017200000260206200016896                         00000000400942591140000000000000000000000000060201112226/400942500000000400942591140041122000000001400023700435  000000000008200000000000000000000000000000000000000000000000000000000000000000000000000000000000000000000000000000000                          0000000000                                                                  000016
1021903727600017200000260206200016896                         00000000400960752658000000000000000000000000060201112226/400960700000000400960752658041122000000000800023704159  000000000008200000000000000000000000000000000000000000000000000000000000000000000000000000000000000000000000000000000                          0000000000                                                                  000017
1021903727600017200000260206200016896                         00000000400966562044000000000000000000000000060201112226/400966500000000400966562044041122000000000800023704159  000000000008200000000000000000000000000000000000000000000000000000000000000000000000000000000000000000000000000000000                          0000000000                                                                  000018
1021903727600017200000260206200016896                         00000000400977187067000000000000000000000000060201112226/400977100000000400977187067041122000000002000023704154  000000000008200000000000000000000000000000000000000000000000000000000000000000000000000000000000000000000000000000000                          0000000000                                                                  000019
1021903727600017200000260206200016896                         00000000400144146871000000000000000000000000060601112226/400144100000000400144146871041122000000000800065500001  000000000000000000000000000000000000000000000000000000000000000000000000000000000000000800000000000000000000000000000   031122             00000000000000                                                                  000020
1021903727600017200000260206200016896                         00000000400157351857000000000000000000000000060601112226/400157300000000400157351857041122000000000800065500001  000000000000000000000000000000000000000000000000000000000000000000000000000000000000000800000000000000000000000000000   031122             00000000000000                                                                  000021
1021903727600017200000260206200016896                         00000000400161332573000000000000000000000000060601112226/400161300000000400161332573041122000000000800065500001  000000000000000000000000000000000000000000000000000000000000000000000000000000000000000800000000000000000000000000000   031122             00000000000000                                                                  000022
1021903727600017200000260206200016896                         00000000400174347200000000000000000000000000060601112226/400174300000000400174347200041122000000000800065500001  000000000000000000000000000000000000000000000000000000000000000000000000000000000000000800000000000000000000000000000   031122             00000000000000                                                                  000023
1021903727600017200000260206200016896                         00000000400193816688000000000000000000000000060601112226/400193800000000400193816688041122000000000800065500001  000000000000000000000000000000000000000000000000000000000000000000000000000000000000000800000000000000000000000000000   031122             00000000000000                                                                  000024
1021903727600017200000260206200016896                         00000000400200972143000000000000000000000000060601112226/400200900000000400200972143041122000000000800065500001  000000000000000000000000000000000000000000000000000000000000000000000000000000000000000800000000000000000000000000000   031122             00000000000000                                                                  000025
1021903727600017200000260206200016896                         00000000400282365843000000000000000000000000060601112226/400282300000000400282365843041122000000000800065500001  000000000000000000000000000000000000000000000000000000000000000000000000000000000000000800000000000000000000000000000   031122             00000000000000                                                                  000026
1021903727600017200000260206200016896                         00000000400429144015000000000000000000000000060601112226/400429100000000400429144015041122000000000800065500001  000000000000000000000000000000000000000000000000000000000000000000000000000000000000000800000000000000000000000000000   031122             00000000000000                                                                  000027
1021903727600017200000260206200016896                         00000000400476647467000000000000000000000000060601112226/400476600000000400476647467041122000000000800023700365  000000000000000000000000000000000000000000000000000000000000000000000000000000000000000800000000000000000000000000000   031122             00000000000000                                                                  000028
1021903727600017200000260206200016896                         00000000400505073742000000000000000000000000060601112226/400505000000000400505073742041122000000000800065500001  000000000000000000000000000000000000000000000000000000000000000000000000000000000000000800000000000000000000000000000   031122             00000000000000                                                                  000029
1021903727600017200000260206200016896                         00000000400595722019000000000000000000000000060601112226/400595700000000400595722019041122000000000800065500001  000000000000000000000000000000000000000000000000000000000000000000000000000000000000000800000000000000000000000000000   031122             00000000000000                                                                  000030
1021903727600017200000260206200016896                         00000000400826632794000000000000000000000000060601112226/400826600000000400826632794041122000000001500075604327  000000000000000000000000000000000000000000000000000000000000000000000000000000000000001500000000000000000000000000000   031122             00000000000000                                                                  000031
1021903727600017200000260206200016896                         00000000400827955376000000000000000000000000060601112226/400827900000000400827955376041122000000002000019700001  000000000000000000000000000000000000000000000000000000000000000000000000000000000000002000000000000000000000000000000   031122             00000000000000                                                                  000032
1021903727600017200000260206200016896                         00000000400874123095000000000000000000000000060601112226/400874100000000400874123095041122000000000800065500001  000000000000000000000000000000000000000000000000000000000000000000000000000000000000000800000000000000000000000000000   031122             00000000000000                                                                  000033
1021903727600017200000260206200016896                         00000000400942591140000000000000000000000000060601112226/400942500000000400942591140041122000000001400000102443  000000000000000000000000000000000000000000000000000000000000000000000000000000000000001400000000000000000000000000000   031122             00000000000000                                                                  000034
1021903727600017200000260206200016896                         00000000400960752658000000000000000000000000060601112226/400960700000000400960752658041122000000000800065500001  000000000000000000000000000000000000000000000000000000000000000000000000000000000000000800000000000000000000000000000   031122             00000000000000                                                                  000035
1021903727600017200000260206200016896                         00000000400966562044000000000000000000000000060601112226/400966500000000400966562044041122000000000800065500001  000000000000000000000000000000000000000000000000000000000000000000000000000000000000000800000000000000000000000000000   031122             00000000000000                                                                  000036
1021903727600017200000260206200016896                         00000000200444539930000000000000000000000000061001112226/200444500000000200444539930010922000000000263023700000  000000000000000000000000000000000000000000000000000000000000000000000000000000000000000000000000000000000000000000000                          1600000000                                                                  000037
1021903727600017200000260206200016896                         00000000400126785131000000000000000000000000061001112226/400126700000000400126785131010922000000004000023700000  000000000000000000000000000000000000000000000000000000000000000000000000000000000000000000000000000000000000000000000                          1600000000                                                                  000038
9201237          000000860000000113529600001050          00018000000181000000000161000000170000001610000000200000004263000000000000000000000000000000000000000000000000000000000000000000000                                                                                                                                                                              00000000000000000000000         000039
