02RETORNO01COBRANCA       00000000000005034448E-PREPAG ADMINISTRADORA DE CAR237BRADESCO       0109210160000000758                                                                                                                                                                                                                                                                          020921         000001
1021903727600017200000260206200016896                         00000000200117030897000000000000000000000000060201092126/200117000000000200117030897040921000000001085823704426  000000000008200000000000000000000000000000000000000000000000000000000000000000000000000000000000000000000000000000000                          0000000000                                                                  000002
1021903727600017200000260206200016896                         00000000200211576305000000000000000000000000060201092126/200211500000000200211576305040921000000000191023704143  000000000000000000000000000000000000000000000000000000000000000000000000000000000000000000000000000000000000000000000                          0000000000                                                                  000003
1021903727600017200000260206200016896                         00000000200492036754000000000000000000000000060201092126/200492000000000200492036754040921000000000304323704422  000000000008200000000000000000000000000000000000000000000000000000000000000000000000000000000000000000000000000000000                          0000000000                                                                  000004
1021903727600017200000260206200016896                         00000000200739718047000000000000000000000000060201092126/200739700000000200739718047040921000000000803023704143  000000000000000000000000000000000000000000000000000000000000000000000000000000000000000000000000000000000000000000000                          0000000000                                                                  000005
1021903727600017200000260206200016896                         00000000200938360038000000000000000000000000060201092126/200938300000000200938360038040921000000000933223704143  000000000000000000000000000000000000000000000000000000000000000000000000000000000000000000000000000000000000000000000                          0000000000                                                                  000006
1021903727600017200000260206200016896                         0000000040011294606P000000000000000000000000060201092126/40011290000000040011294606P040921000000003000023702062  000000000008200000000000000000000000000000000000000000000000000000000000000000000000000000000000000000000000000000000                          0000000000                                                                  000007
1021903727600017200000260206200016896                         0000000040012394025P000000000000000000000000060201092126/40012390000000040012394025P040921000000000800023704400  000000000008200000000000000000000000000000000000000000000000000000000000000000000000000000000000000000000000000000000                          7600000000                                                                  000008
1021903727600017200000260206200016896                         00000000400142585363000000000000000000000000060201092126/400142500000000400142585363040921000000003000023704400  000000000008200000000000000000000000000000000000000000000000000000000000000000000000000000000000000000000000000000000                          0000000000                                                                  000009
1021903727600017200000260206200016896                         00000000400147765769000000000000000000000000060201092126/400147700000000400147765769040921000000000800023700320  000000000008200000000000000000000000000000000000000000000000000000000000000000000000000000000000000000000000000000000                          0000000000                                                                  000010
1021903727600017200000260206200016896                         00000000400159143240000000000000000000000000060201092126/400159100000000400159143240040921000000001500023704143  000000000008200000000000000000000000000000000000000000000000000000000000000000000000000000000000000000000000000000000                          0000000000                                                                  000011
1021903727600017200000260206200016896                         00000000400172635268000000000000000000000000060201092126/400172600000000400172635268040921000000000800023704422  000000000008200000000000000000000000000000000000000000000000000000000000000000000000000000000000000000000000000000000                          0000000000                                                                  000012
1021903727600017200000260206200016896                         0000000040018363882P000000000000000000000000060201092126/40018360000000040018363882P040921000000001000023704159  000000000008200000000000000000000000000000000000000000000000000000000000000000000000000000000000000000000000000000000                          7600000000                                                                  000013
1021903727600017200000260206200016896                         00000000400198255986000000000000000000000000060201092126/400198200000000400198255986040921000000002000023704159  000000000008200000000000000000000000000000000000000000000000000000000000000000000000000000000000000000000000000000000                          0000000000                                                                  000014
1021903727600017200000260206200016896                         00000000400202210402000000000000000000000000060201092126/400202200000000400202210402040921000000000800023704422  000000000008200000000000000000000000000000000000000000000000000000000000000000000000000000000000000000000000000000000                          0000000000                                                                  000015
1021903727600017200000260206200016896                         00000000400226724784000000000000000000000000060201092126/400226700000000400226724784040921000000099000023704151  000000000008200000000000000000000000000000000000000000000000000000000000000000000000000000000000000000000000000000000                          7600000000                                                                  000016
1021903727600017200000260206200016896                         00000000400238368428000000000000000000000000060201092126/400238300000000400238368428040921000000001000023700389  000000000008200000000000000000000000000000000000000000000000000000000000000000000000000000000000000000000000000000000                          0000000000                                                                  000017
1021903727600017200000260206200016896                         00000000400242563995000000000000000000000000060201092126/400242500000000400242563995040921000000002200023704143  000000000008200000000000000000000000000000000000000000000000000000000000000000000000000000000000000000000000000000000                          0000000000                                                                  000018
1021903727600017200000260206200016896                         00000000400253241132000000000000000000000000060201092126/400253200000000400253241132040921000000004050023704426  000000000008200000000000000000000000000000000000000000000000000000000000000000000000000000000000000000000000000000000                          0000000000                                                                  000019
1021903727600017200000260206200016896                         00000000400286427355000000000000000000000000060201092126/400286400000000400286427355040921000000003000023703109  000000000008200000000000000000000000000000000000000000000000000000000000000000000000000000000000000000000000000000000                          0000000000                                                                  000020
1021903727600017200000260206200016896                         00000000400302344716000000000000000000000000060201092126/400302300000000400302344716040921000000018000023702062  000000000008200000000000000000000000000000000000000000000000000000000000000000000000000000000000000000000000000000000                          0000000000                                                                  000021
1021903727600017200000260206200016896                         00000000400305964391000000000000000000000000060201092126/400305900000000400305964391040921000000003000023704159  000000000008200000000000000000000000000000000000000000000000000000000000000000000000000000000000000000000000000000000                          0000000000                                                                  000022
1021903727600017200000260206200016896                         00000000400371053944000000000000000000000000060201092126/400371000000000400371053944040921000000002000023704158  000000000008200000000000000000000000000000000000000000000000000000000000000000000000000000000000000000000000000000000                          0000000000                                                                  000023
1021903727600017200000260206200016896                         00000000400396474545000000000000000000000000060201092126/400396400000000400396474545040921000000005000023704151  000000000008200000000000000000000000000000000000000000000000000000000000000000000000000000000000000000000000000000000                          0000000000                                                                  000024
1021903727600017200000260206200016896                         00000000400418670009000000000000000000000000060201092126/400418600000000400418670009040921000000002300023704159  000000000008200000000000000000000000000000000000000000000000000000000000000000000000000000000000000000000000000000000                          0000000000                                                                  000025
1021903727600017200000260206200016896                         00000000400470319239000000000000000000000000060201092126/400470300000000400470319239040921000000000800023704422  000000000008200000000000000000000000000000000000000000000000000000000000000000000000000000000000000000000000000000000                          0000000000                                                                  000026
1021903727600017200000260206200016896                         00000000400471148322000000000000000000000000060201092126/400471100000000400471148322040921000000001000023700320  000000000008200000000000000000000000000000000000000000000000000000000000000000000000000000000000000000000000000000000                          0000000000                                                                  000027
1021903727600017200000260206200016896                         00000000400543007818000000000000000000000000060201092126/400543000000000400543007818040921000000008000023704144  000000000008200000000000000000000000000000000000000000000000000000000000000000000000000000000000000000000000000000000                          0000000000                                                                  000028
1021903727600017200000260206200016896                         0000000040055968514P000000000000000000000000060201092126/40055960000000040055968514P040921000000001910023704426  000000000008200000000000000000000000000000000000000000000000000000000000000000000000000000000000000000000000000000000                          0000000000                                                                  000029
1021903727600017200000260206200016896                         00000000400563150765000000000000000000000000060201092126/400563100000000400563150765040921000000000800023704452  000000000008200000000000000000000000000000000000000000000000000000000000000000000000000000000000000000000000000000000                          0000000000                                                                  000030
1021903727600017200000260206200016896                         00000000400569494679000000000000000000000000060201092126/400569400000000400569494679040921000000002000023704426  000000000008200000000000000000000000000000000000000000000000000000000000000000000000000000000000000000000000000000000                          7600000000                                                                  000031
1021903727600017200000260206200016896                         00000000400580236525000000000000000000000000060201092126/400580200000000400580236525040921000000004500023704152  000000000008200000000000000000000000000000000000000000000000000000000000000000000000000000000000000000000000000000000                          0000000000                                                                  000032
1021903727600017200000260206200016896                         00000000400581578519000000000000000000000000060201092126/400581500000000400581578519040921000000001500023704159  000000000008200000000000000000000000000000000000000000000000000000000000000000000000000000000000000000000000000000000                          0000000000                                                                  000033
1021903727600017200000260206200016896                         00000000400615376465000000000000000000000000060201092126/400615300000000400615376465040921000000004500023704143  000000000008200000000000000000000000000000000000000000000000000000000000000000000000000000000000000000000000000000000                          0000000000                                                                  000034
1021903727600017200000260206200016896                         00000000400665944545000000000000000000000000060201092126/400665900000000400665944545040921000000000800023704422  000000000008200000000000000000000000000000000000000000000000000000000000000000000000000000000000000000000000000000000                          0000000000                                                                  000035
1021903727600017200000260206200016896                         00000000400670846128000000000000000000000000060201092126/400670800000000400670846128040921000000001000023704452  000000000008200000000000000000000000000000000000000000000000000000000000000000000000000000000000000000000000000000000                          0000000000                                                                  000036
1021903727600017200000260206200016896                         00000000400674599664000000000000000000000000060201092126/400674500000000400674599664040921000000001650023704426  000000000008200000000000000000000000000000000000000000000000000000000000000000000000000000000000000000000000000000000                          0000000000                                                                  000037
1021903727600017200000260206200016896                         0000000040067498603P000000000000000000000000060201092126/40067490000000040067498603P040921000000000800023704422  000000000008200000000000000000000000000000000000000000000000000000000000000000000000000000000000000000000000000000000                          0000000000                                                                  000038
1021903727600017200000260206200016896                         00000000400693539028000000000000000000000000060201092126/400693500000000400693539028040921000000000800023704428  000000000008200000000000000000000000000000000000000000000000000000000000000000000000000000000000000000000000000000000                          0000000000                                                                  000039
1021903727600017200000260206200016896                         00000000400694216443000000000000000000000000060201092126/400694200000000400694216443040921000000004000023704143  000000000008200000000000000000000000000000000000000000000000000000000000000000000000000000000000000000000000000000000                          0000000000                                                                  000040
1021903727600017200000260206200016896                         00000000400739795865000000000000000000000000060201092126/400739700000000400739795865040921000000000800023704424  000000000008200000000000000000000000000000000000000000000000000000000000000000000000000000000000000000000000000000000                          0000000000                                                                  000041
1021903727600017200000260206200016896                         00000000400762060155000000000000000000000000060201092126/400762000000000400762060155040921000000000800023704422  000000000008200000000000000000000000000000000000000000000000000000000000000000000000000000000000000000000000000000000                          0000000000                                                                  000042
1021903727600017200000260206200016896                         00000000400790969088000000000000000000000000060201092126/400790900000000400790969088040921000000002010023704424  000000000008200000000000000000000000000000000000000000000000000000000000000000000000000000000000000000000000000000000                          0000000000                                                                  000043
1021903727600017200000260206200016896                         00000000400791220803000000000000000000000000060201092126/400791200000000400791220803040921000000000800023704422  000000000008200000000000000000000000000000000000000000000000000000000000000000000000000000000000000000000000000000000                          0000000000                                                                  000044
1021903727600017200000260206200016896                         00000000400793281125000000000000000000000000060201092126/400793200000000400793281125040921000000000800023704428  000000000008200000000000000000000000000000000000000000000000000000000000000000000000000000000000000000000000000000000                          0000000000                                                                  000045
1021903727600017200000260206200016896                         00000000400801041139000000000000000000000000060201092126/400801000000000400801041139040921000000005000023704436  000000000008200000000000000000000000000000000000000000000000000000000000000000000000000000000000000000000000000000000                          0000000000                                                                  000046
1021903727600017200000260206200016896                         00000000400801351022000000000000000000000000060201092126/400801300000000400801351022040921000000000800023704422  000000000008200000000000000000000000000000000000000000000000000000000000000000000000000000000000000000000000000000000                          0000000000                                                                  000047
1021903727600017200000260206200016896                         00000000400833170194000000000000000000000000060201092126/400833100000000400833170194040921000000020000023704159  000000000008200000000000000000000000000000000000000000000000000000000000000000000000000000000000000000000000000000000                          0000000000                                                                  000048
1021903727600017200000260206200016896                         00000000400861703130000000000000000000000000060201092126/400861700000000400861703130040921000000001500023704424  000000000008200000000000000000000000000000000000000000000000000000000000000000000000000000000000000000000000000000000                          0000000000                                                                  000049
1021903727600017200000260206200016896                         00000000400870043534000000000000000000000000060201092126/400870000000000400870043534040921000000000800023704452  000000000008200000000000000000000000000000000000000000000000000000000000000000000000000000000000000000000000000000000                          0000000000                                                                  000050
1021903727600017200000260206200016896                         00000000400871419759000000000000000000000000060201092126/400871400000000400871419759040921000000006290023702062  000000000008200000000000000000000000000000000000000000000000000000000000000000000000000000000000000000000000000000000                          0000000000                                                                  000051
1021903727600017200000260206200016896                         00000000400873584137000000000000000000000000060201092126/400873500000000400873584137040921000000000800023704422  000000000008200000000000000000000000000000000000000000000000000000000000000000000000000000000000000000000000000000000                          0000000000                                                                  000052
1021903727600017200000260206200016896                         00000000400901802676000000000000000000000000060201092126/400901800000000400901802676040921000000002000023704422  000000000008200000000000000000000000000000000000000000000000000000000000000000000000000000000000000000000000000000000                          0000000000                                                                  000053
1021903727600017200000260206200016896                         0000000040093021581P000000000000000000000000060201092126/40093020000000040093021581P040921000000000800023704422  000000000008200000000000000000000000000000000000000000000000000000000000000000000000000000000000000000000000000000000                          0000000000                                                                  000054
1021903727600017200000260206200016896                         00000000400958749976000000000000000000000000060201092126/400958700000000400958749976040921000000002500023704436  000000000008200000000000000000000000000000000000000000000000000000000000000000000000000000000000000000000000000000000                          0000000000                                                                  000055
1021903727600017200000260206200016896                         00000000400959457278000000000000000000000000060201092126/400959400000000400959457278040921000000011950023704144  000000000008200000000000000000000000000000000000000000000000000000000000000000000000000000000000000000000000000000000                          0000000000                                                                  000056
1021903727600017200000260206200016896                         00000000400959537522000000000000000000000000060201092126/400959500000000400959537522040921000000007000023700321  000000000008200000000000000000000000000000000000000000000000000000000000000000000000000000000000000000000000000000000                          0000000000                                                                  000057
1021903727600017200000260206200016896                         00000000400965385254000000000000000000000000060201092126/400965300000000400965385254040921000000010000023700140  000000000008200000000000000000000000000000000000000000000000000000000000000000000000000000000000000000000000000000000                          0000000000                                                                  000058
1021903727600017200000260206200016896                         0000000060021166606P000000000000000000000000060201092126/60021160000000060021166606P040921000000000219923700523  000000000008200000000000000000000000000000000000000000000000000000000000000000000000000000000000000000000000000000000                          0000000000                                                                  000059
1021903727600017200000260206200016896                         00000000600281766215000000000000000000000000060201092126/600281700000000600281766215040921000000002000023703162  000000000008200000000000000000000000000000000000000000000000000000000000000000000000000000000000000000000000000000000                          0000000000                                                                  000060
1021903727600017200000260206200016896                         00000000600422906075000000000000000000000000060201092126/600422900000000600422906075040921000000006000023704152  000000000008200000000000000000000000000000000000000000000000000000000000000000000000000000000000000000000000000000000                          0000000000                                                                  000061
1021903727600017200000260206200016896                         00000000600506922092000000000000000000000000060201092126/600506900000000600506922092040921000000003000023704400  000000000008200000000000000000000000000000000000000000000000000000000000000000000000000000000000000000000000000000000                          0000000000                                                                  000062
1021903727600017200000260206200016896                         00000000600817837803000000000000000000000000060201092126/600817800000000600817837803040921000000000069923704152  000000000008200000000000000000000000000000000000000000000000000000000000000000000000000000000000000000000000000000000                          0000000000                                                                  000063
1021903727600017200000260206200016896                         00000000400023453939000000000000000000000000060301092126/400023400000000400023453939030921000000000800023704452  000000000000000000000000000000000000000000000000000000000000000000000000000000000000000000000000000000000000000000000                          0900000000                                                                  000064
1021903727600017200000260206200016896                         00000000200175771252000000000000000000000000060601092126/200175700000000200175771252030921000000000500021200001  000000000000000000000000000000000000000000000000000000000000000000000000000000000000000500000000000000000000000000000   020921             00000000000000                                                                  000065
1021903727600017200000260206200016896                         00000000200416205350000000000000000000000000060601092126/200416200000000200416205350010921000000000750034103767  000000000000000000000000000000000000000000000000000000000000000000000000000000000000000750000000000000000000000000000   020921             00000000000000                                                                  000066
1021903727600017200000260206200016896                         00000000200546594936000000000000000000000000060601092126/200546500000000200546594936030921000000000190410401655  000000000000000000000000000000000000000000000000000000000000000000000000000000000000000190400000000000000000000000000   020921             00000000000000                                                                  000067
1021903727600017200000260206200016896                         00000000400072619419000000000000000000000000060631082126/400072600000000400072619419030921000000200000034100289  000000000000000000000000000000000000000000000000000000000000000000000000000000000000200000000000000000000000000000000   020921             00000000000000                                                                  000068
1021903727600017200000260206200016896                         00000000400112386986000000000000000000000000060601092126/400112300000000400112386986020921000000012000023701380  000000000000000000000000000000000000000000000000000000000000000000000000000000000000012000000000000000000000000000000   020921             00000000000000                                                                  000069
1021903727600017200000260206200016896                         0000000040011294606P000000000000000000000000060601092126/40011290000000040011294606P040921000000003000074805187  000000000000000000000000000000000000000000000000000000000000000000000000000000000000003000000000000000000000000000000   020921             00000000000000                                                                  000070
1021903727600017200000260206200016896                         0000000040012394025P000000000000000000000000060601092126/40012390000000040012394025P040921000000000800075604327  000000000000000000000000000000000000000000000000000000000000000000000000000000000000000800000000000000000000000000000   020921             00000000000000                                                                  000071
1021903727600017200000260206200016896                         00000000400147765769000000000000000000000000060601092126/400147700000000400147765769040921000000000800063300001  000000000000000000000000000000000000000000000000000000000000000000000000000000000000000800000000000000000000000000000   020921             00000000000000                                                                  000072
1021903727600017200000260206200016896                         00000000400159143240000000000000000000000000060601092126/400159100000000400159143240040921000000001500008501071  000000000000000000000000000000000000000000000000000000000000000000000000000000000000001500000000000000000000000000000   020921             00000000000000                                                                  000073
1021903727600017200000260206200016896                         00000000400172635268000000000000000000000000060601092126/400172600000000400172635268040921000000000800065500001  000000000000000000000000000000000000000000000000000000000000000000000000000000000000000800000000000000000000000000000   020921             00000000000000                                                                  000074
1021903727600017200000260206200016896                         0000000040018363882P000000000000000000000000060601092126/40018360000000040018363882P040921000000001000007700001  000000000000000000000000000000000000000000000000000000000000000000000000000000000000001000000000000000000000000000000   020921             00000000000000                                                                  000075
1021903727600017200000260206200016896                         00000000400198255986000000000000000000000000060601092126/400198200000000400198255986040921000000002000075604327  000000000000000000000000000000000000000000000000000000000000000000000000000000000000002000000000000000000000000000000   020921             00000000000000                                                                  000076
1021903727600017200000260206200016896                         00000000400202210402000000000000000000000000060601092126/400202200000000400202210402040921000000000800065500001  000000000000000000000000000000000000000000000000000000000000000000000000000000000000000800000000000000000000000000000   020921             00000000000000                                                                  000077
1021903727600017200000260206200016896                         00000000400226724784000000000000000000000000060601092126/400226700000000400226724784040921000000099000063300001  000000000000000000000000000000000000000000000000000000000000000000000000000000000000099000000000000000000000000000000   020921             00000000000000                                                                  000078
1021903727600017200000260206200016896                         0000000040023468824P000000000000000000000000060601092126/40023460000000040023468824P020921000000012000010400718  000000000000000000000000000000000000000000000000000000000000000000000000000000000000012000000000000000000000000000000   020921             00000000000000                                                                  000079
1021903727600017200000260206200016896                         00000000400238368428000000000000000000000000060601092126/400238300000000400238368428040921000000001000063300001  000000000000000000000000000000000000000000000000000000000000000000000000000000000000001000000000000000000000000000000   020921             00000000000000                                                                  000080
1021903727600017200000260206200016896                         00000000400242563995000000000000000000000000060601092126/400242500000000400242563995040921000000002200023702835  000000000000000000000000000000000000000000000000000000000000000000000000000000000000002200000000000000000000000000000   020921             00000000000000                                                                  000081
1021903727600017200000260206200016896                         00000000400253241132000000000000000000000000060601092126/400253200000000400253241132040921000000004050010403711  000000000000000000000000000000000000000000000000000000000000000000000000000000000000004050000000000000000000000000000   020921             00000000000000                                                                  000082
1021903727600017200000260206200016896                         00000000400286427355000000000000000000000000060601092126/400286400000000400286427355040921000000003000063300001  000000000000000000000000000000000000000000000000000000000000000000000000000000000000003000000000000000000000000000000   020921             00000000000000                                                                  000083
1021903727600017200000260206200016896                         00000000400302344716000000000000000000000000060601092126/400302300000000400302344716040921000000018000010403016  000000000000000000000000000000000000000000000000000000000000000000000000000000000000018000000000000000000000000000000   020921             00000000000000                                                                  000084
1021903727600017200000260206200016896                         00000000400371053944000000000000000000000000060601092126/400371000000000400371053944040921000000002000023700365  000000000000000000000000000000000000000000000000000000000000000000000000000000000000002000000000000000000000000000000   020921             00000000000000                                                                  000085
1021903727600017200000260206200016896                         00000000400396474545000000000000000000000000060601092126/400396400000000400396474545040921000000005000065500001  000000000000000000000000000000000000000000000000000000000000000000000000000000000000005000000000000000000000000000000   020921             00000000000000                                                                  000086
1021903727600017200000260206200016896                         00000000400418670009000000000000000000000000060601092126/400418600000000400418670009040921000000002300075604327  000000000000000000000000000000000000000000000000000000000000000000000000000000000000002300000000000000000000000000000   020921             00000000000000                                                                  000087
1021903727600017200000260206200016896                         00000000400470319239000000000000000000000000060601092126/400470300000000400470319239040921000000000800065500001  000000000000000000000000000000000000000000000000000000000000000000000000000000000000000800000000000000000000000000000   020921             00000000000000                                                                  000088
1021903727600017200000260206200016896                         00000000400471148322000000000000000000000000060601092126/400471100000000400471148322040921000000001000075604327  000000000000000000000000000000000000000000000000000000000000000000000000000000000000001000000000000000000000000000000   020921             00000000000000                                                                  000089
1021903727600017200000260206200016896                         0000000040055968514P000000000000000000000000060601092126/40055960000000040055968514P040921000000001910074801443  000000000000000000000000000000000000000000000000000000000000000000000000000000000000001910000000000000000000000000000   020921             00000000000000                                                                  000090
1021903727600017200000260206200016896                         00000000400563150765000000000000000000000000060601092126/400563100000000400563150765040921000000000800075604327  000000000000000000000000000000000000000000000000000000000000000000000000000000000000000800000000000000000000000000000   020921             00000000000000                                                                  000091
1021903727600017200000260206200016896                         00000000400569494679000000000000000000000000060601092126/400569400000000400569494679040921000000002000010400474  000000000000000000000000000000000000000000000000000000000000000000000000000000000000002000000000000000000000000000000   020921             00000000000000                                                                  000092
1021903727600017200000260206200016896                         00000000400580236525000000000000000000000000060601092126/400580200000000400580236525040921000000004500010400281  000000000000000000000000000000000000000000000000000000000000000000000000000000000000004500000000000000000000000000000   020921             00000000000000                                                                  000093
1021903727600017200000260206200016896                         00000000400615376465000000000000000000000000060601092126/400615300000000400615376465040921000000004500010404692  000000000000000000000000000000000000000000000000000000000000000000000000000000000000004500000000000000000000000000000   020921             00000000000000                                                                  000094
1021903727600017200000260206200016896                         00000000400665944545000000000000000000000000060601092126/400665900000000400665944545040921000000000800065500001  000000000000000000000000000000000000000000000000000000000000000000000000000000000000000800000000000000000000000000000   020921             00000000000000                                                                  000095
1021903727600017200000260206200016896                         00000000400674599664000000000000000000000000060601092126/400674500000000400674599664040921000000001650000100147  000000000000000000000000000000000000000000000000000000000000000000000000000000000000001650000000000000000000000000000   020921             00000000000000                                                                  000096
1021903727600017200000260206200016896                         0000000040067498603P000000000000000000000000060601092126/40067490000000040067498603P040921000000000800065500001  000000000000000000000000000000000000000000000000000000000000000000000000000000000000000800000000000000000000000000000   020921             00000000000000                                                                  000097
1021903727600017200000260206200016896                         00000000400694216443000000000000000000000000060601092126/400694200000000400694216443040921000000004000010401075  000000000000000000000000000000000000000000000000000000000000000000000000000000000000004000000000000000000000000000000   020921             00000000000000                                                                  000098
1021903727600017200000260206200016896                         00000000400762060155000000000000000000000000060601092126/400762000000000400762060155040921000000000800065500001  000000000000000000000000000000000000000000000000000000000000000000000000000000000000000800000000000000000000000000000   020921             00000000000000                                                                  000099
1021903727600017200000260206200016896                         00000000400774457530000000000000000000000000060601092126/400774400000000400774457530030921000000012000010400718  000000000000000000000000000000000000000000000000000000000000000000000000000000000000012000000000000000000000000000000   020921             00000000000000                                                                  000100
1021903727600017200000260206200016896                         00000000400791220803000000000000000000000000060601092126/400791200000000400791220803040921000000000800065500001  000000000000000000000000000000000000000000000000000000000000000000000000000000000000000800000000000000000000000000000   020921             00000000000000                                                                  000101
1021903727600017200000260206200016896                         00000000400801041139000000000000000000000000060601092126/400801000000000400801041139040921000000005000034100869  000000000000000000000000000000000000000000000000000000000000000000000000000000000000005000000000000000000000000000000   020921             00000000000000                                                                  000102
1021903727600017200000260206200016896                         00000000400801351022000000000000000000000000060601092126/400801300000000400801351022040921000000000800065500001  000000000000000000000000000000000000000000000000000000000000000000000000000000000000000800000000000000000000000000000   020921             00000000000000                                                                  000103
1021903727600017200000260206200016896                         0000000040082830302P000000000000000000000000060601092126/40082830000000040082830302P030921000000003000063300001  000000000000000000000000000000000000000000000000000000000000000000000000000000000000003000000000000000000000000000000   020921             00000000000000                                                                  000104
1021903727600017200000260206200016896                         00000000400833170194000000000000000000000000060601092126/400833100000000400833170194040921000000020000010401580  000000000000000000000000000000000000000000000000000000000000000000000000000000000000020000000000000000000000000000000   020921             00000000000000                                                                  000105
1021903727600017200000260206200016896                         00000000400861703130000000000000000000000000060601092126/400861700000000400861703130040921000000001500010403880  000000000000000000000000000000000000000000000000000000000000000000000000000000000000001500000000000000000000000000000   020921             00000000000000                                                                  000106
1021903727600017200000260206200016896                         00000000400870043534000000000000000000000000060601092126/400870000000000400870043534040921000000000800075604327  000000000000000000000000000000000000000000000000000000000000000000000000000000000000000800000000000000000000000000000   020921             00000000000000                                                                  000107
1021903727600017200000260206200016896                         00000000400871419759000000000000000000000000060601092126/400871400000000400871419759040921000000006290010402257  000000000000000000000000000000000000000000000000000000000000000000000000000000000000006290000000000000000000000000000   020921             00000000000000                                                                  000108
1021903727600017200000260206200016896                         00000000400873536477000000000000000000000000060601092126/400873500000000400873536477030921000000000800008100001  000000000000000000000000000000000000000000000000000000000000000000000000000000000000000800000000000000000000000000000   020921             00000000000000                                                                  000109
1021903727600017200000260206200016896                         00000000400873584137000000000000000000000000060601092126/400873500000000400873584137040921000000000800065500001  000000000000000000000000000000000000000000000000000000000000000000000000000000000000000800000000000000000000000000000   020921             00000000000000                                                                  000110
1021903727600017200000260206200016896                         00000000400890824850000000000000000000000000060601092126/400890800000000400890824850030921000000002270065500001  000000000000000000000000000000000000000000000000000000000000000000000000000000000000002270000000000000000000000000000   020921             00000000000000                                                                  000111
1021903727600017200000260206200016896                         0000000040093021581P000000000000000000000000060601092126/40093020000000040093021581P040921000000000800065500001  000000000000000000000000000000000000000000000000000000000000000000000000000000000000000800000000000000000000000000000   020921             00000000000000                                                                  000112
1021903727600017200000260206200016896                         00000000400959457278000000000000000000000000060601092126/400959400000000400959457278040921000000011950026000001  000000000000000000000000000000000000000000000000000000000000000000000000000000000000011950000000000000000000000000000   020921             00000000000000                                                                  000113
1021903727600017200000260206200016896                         00000000400965385254000000000000000000000000060601092126/400965300000000400965385254040921000000010000063300001  000000000000000000000000000000000000000000000000000000000000000000000000000000000000010000000000000000000000000000000   020921             00000000000000                                                                  000114
1021903727600017200000260206200016896                         00000000600159965398000000000000000000000000060601092126/600159900000000600159965398030921000000000109908100001  000000000000000000000000000000000000000000000000000000000000000000000000000000000000000109900000000000000000000000000   020921             00000000000000                                                                  000115
1021903727600017200000260206200016896                         0000000060021166606P000000000000000000000000060601092126/60021160000000060021166606P040921000000000219910402807  000000000000000000000000000000000000000000000000000000000000000000000000000000000000000219900000000000000000000000000   020921             00000000000000                                                                  000116
1021903727600017200000260206200016896                         00000000600281766215000000000000000000000000060601092126/600281700000000600281766215040921000000002000023703164  000000000000000000000000000000000000000000000000000000000000000000000000000000000000002000000000000000000000000000000   020921             00000000000000                                                                  000117
1021903727600017200000260206200016896                         00000000600422906075000000000000000000000000060601092126/600422900000000600422906075040921000000006000003300020  000000000000000000000000000000000000000000000000000000000000000000000000000000000000006000000000000000000000000000000   020921             00000000000000                                                                  000118
1021903727600017200000260206200016896                         00000000200219671943000000000000000000000000061001092126/200219600000000200219671943020721000000000109923700000  000000000000000000000000000000000000000000000000000000000000000000000000000000000000000000000000000000000000000000000                          1600000000                                                                  000119
1021903727600017200000260206200016896                         00000000400168519296000000000000000000000000061001092126/400168500000000400168519296020721000000007600023700000  000000000000000000000000000000000000000000000000000000000000000000000000000000000000000000000000000000000000000000000                          1600000000                                                                  000120
1021903727600017200000260206200016896                         00000000400443022593000000000000000000000000061001092126/400443000000000400443022593020721000000011500023700000  000000000000000000000000000000000000000000000000000000000000000000000000000000000000000000000000000000000000000000000                          1600000000                                                                  000121
1021903727600017200000260206200016896                         00000000400505168166000000000000000000000000061001092126/400505100000000400505168166020721000000000800023700000  000000000000000000000000000000000000000000000000000000000000000000000000000000000000000000000000000000000000000000000                          1600000000                                                                  000122
1021903727600017200000260206200016896                         00000000400537064249000000000000000000000000061001092126/400537000000000400537064249020721000000001500023700000  000000000000000000000000000000000000000000000000000000000000000000000000000000000000000000000000000000000000000000000                          1600000000                                                                  000123
1021903727600017200000260206200016896                         00000000600139159654000000000000000000000000061001092126/600139100000000600139159654020721000000000119923700000  000000000000000000000000000000000000000000000000000000000000000000000000000000000000000000000000000000000000000000000                          1600000000                                                                  000124
1021903727600017200000260206200016896                         00000000600404904383000000000000000000000000061001092126/600404900000000600404904383020721000000000119923700000  000000000000000000000000000000000000000000000000000000000000000000000000000000000000000000000000000000000000000000000                          1600000000                                                                  000125
9201237          000007780000001709287900000758          00062000002765671000004813902000540000048139020000700000021749700000000000000000000000000000000000000000000000000000000000000000000                                                                                                                                                                              00000000000000000000000         000126
