02RETORNO01COBRANCA       00000000000005034448E-PREPAG ADMINISTRADORA DE CAR237BRADESCO       0112210160000000819                                                                                                                                                                                                                                                                          021221         000001
1021903727600017200000260206200016896                         00000000100032105486000000000000000000000000060201122126/100032100000000100032105486021221000000001237623704400  000000000008200000000000000000000000000000000000000000000000000000000000000000000000000000000000000000000000000000000                          0000000000                                                                  000002
1021903727600017200000260206200016896                         00000000200139481930000000000000000000000000060201122126/200139400000000200139481930041221000000000188623704602  000000000008200000000000000000000000000000000000000000000000000000000000000000000000000000000000000000000000000000000                          0000000000                                                                  000003
1021903727600017200000260206200016896                         00000000200152219080000000000000000000000000060201122126/200152200000000200152219080041221000000000675023704152  000000000000000000000000000000000000000000000000000000000000000000000000000000000000000000000000000000000000000000000                          7600000000                                                                  000004
1021903727600017200000260206200016896                         00000000200236000246000000000000000000000000060201122126/200236000000000200236000246041221000000000506223704602  000000000008200000000000000000000000000000000000000000000000000000000000000000000000000000000000000000000000000000000                          0000000000                                                                  000005
1021903727600017200000260206200016896                         0000000020027916353P000000000000000000000000060201122126/20027910000000020027916353P041221000000001012523704452  000000000008200000000000000000000000000000000000000000000000000000000000000000000000000000000000000000000000000000000                          0000000000                                                                  000006
1021903727600017200000260206200016896                         00000000200543327511000000000000000000000000060201122126/200543300000000200543327511041221000000000289923704602  000000000008200000000000000000000000000000000000000000000000000000000000000000000000000000000000000000000000000000000                          0000000000                                                                  000007
1021903727600017200000260206200016896                         00000000200562993298000000000000000000000000060201122126/200562900000000200562993298041221000000000205423704400  000000000008200000000000000000000000000000000000000000000000000000000000000000000000000000000000000000000000000000000                          7600000000                                                                  000008
1021903727600017200000260206200016896                         00000000200857947735000000000000000000000000060201122126/200857900000000200857947735041221000000000190823702062  000000000000000000000000000000000000000000000000000000000000000000000000000000000000000000000000000000000000000000000                          0000000000                                                                  000009
1021903727600017200000260206200016896                         00000000400108837965000000000000000000000000060201122126/400108800000000400108837965041221000000007660023702062  000000000008200000000000000000000000000000000000000000000000000000000000000000000000000000000000000000000000000000000                          0000000000                                                                  000010
1021903727600017200000260206200016896                         00000000400180714789000000000000000000000000060201122126/400180700000000400180714789041221000000006600023704154  000000000008200000000000000000000000000000000000000000000000000000000000000000000000000000000000000000000000000000000                          0000000000                                                                  000011
1021903727600017200000260206200016896                         00000000400193157897000000000000000000000000060201122126/400193100000000400193157897041221000000001500023704424  000000000008200000000000000000000000000000000000000000000000000000000000000000000000000000000000000000000000000000000                          0000000000                                                                  000012
1021903727600017200000260206200016896                         00000000400414203732000000000000000000000000060201122126/400414200000000400414203732041221000000005000023704602  000000000008200000000000000000000000000000000000000000000000000000000000000000000000000000000000000000000000000000000                          0000000000                                                                  000013
1021903727600017200000260206200016896                         00000000400448928167000000000000000000000000060201122126/400448900000000400448928167041221000000007500023704157  000000000008200000000000000000000000000000000000000000000000000000000000000000000000000000000000000000000000000000000                          0000000000                                                                  000014
1021903727600017200000260206200016896                         00000000400484403739000000000000000000000000060201122126/400484400000000400484403739041221000000002030023704154  000000000008200000000000000000000000000000000000000000000000000000000000000000000000000000000000000000000000000000000                          0000000000                                                                  000015
1021903727600017200000260206200016896                         00000000400627755550000000000000000000000000060201122126/400627700000000400627755550041221000000004500023702062  000000000008200000000000000000000000000000000000000000000000000000000000000000000000000000000000000000000000000000000                          0000000000                                                                  000016
1021903727600017200000260206200016896                         00000000400683367385000000000000000000000000060201122126/400683300000000400683367385041221000000001540023704158  000000000008200000000000000000000000000000000000000000000000000000000000000000000000000000000000000000000000000000000                          0000000000                                                                  000017
1021903727600017200000260206200016896                         00000000400728893423000000000000000000000000060201122126/400728800000000400728893423041221000000001000023704143  000000000008200000000000000000000000000000000000000000000000000000000000000000000000000000000000000000000000000000000                          0000000000                                                                  000018
1021903727600017200000260206200016896                         00000000400736792490000000000000000000000000060201122126/400736700000000400736792490041221000000001060023704422  000000000008200000000000000000000000000000000000000000000000000000000000000000000000000000000000000000000000000000000                          0000000000                                                                  000019
1021903727600017200000260206200016896                         00000000400742701863000000000000000000000000060201122126/400742700000000400742701863041221000000005000023704143  000000000008200000000000000000000000000000000000000000000000000000000000000000000000000000000000000000000000000000000                          0000000000                                                                  000020
1021903727600017200000260206200016896                         00000000400745019540000000000000000000000000060201122126/400745000000000400745019540041221000000002000023704157  000000000008200000000000000000000000000000000000000000000000000000000000000000000000000000000000000000000000000000000                          0000000000                                                                  000021
1021903727600017200000260206200016896                         00000000400814469502000000000000000000000000060201122126/400814400000000400814469502041221000000012000023700321  000000000008200000000000000000000000000000000000000000000000000000000000000000000000000000000000000000000000000000000                          0000000000                                                                  000022
1021903727600017200000260206200016896                         00000000400827995637000000000000000000000000060201122126/400827900000000400827995637041221000000003500023704144  000000000008200000000000000000000000000000000000000000000000000000000000000000000000000000000000000000000000000000000                          0000000000                                                                  000023
1021903727600017200000260206200016896                         00000000400898888246000000000000000000000000060201122126/400898800000000400898888246041221000000007000023704157  000000000008200000000000000000000000000000000000000000000000000000000000000000000000000000000000000000000000000000000                          0000000000                                                                  000024
1021903727600017200000260206200016896                         00000000600571736980000000000000000000000000060201122126/600571700000000600571736980041221000000000119923704159  000000000000000000000000000000000000000000000000000000000000000000000000000000000000000000000000000000000000000000000                          7600000000                                                                  000025
1021903727600017200000260206200016896                         00000000600848338295000000000000000000000000060201122126/600848300000000600848338295041221000000000500023704154  000000000008200000000000000000000000000000000000000000000000000000000000000000000000000000000000000000000000000000000                          0000000000                                                                  000026
1021903727600017200000260206200016896                         00000000400440239974000000000000000000000000060301122126/400440200000000400440239974031221000000005000023704159  000000000000000000000000000000000000000000000000000000000000000000000000000000000000000000000000000000000000000000000                          0900000000                                                                  000027
1021903727600017200000260206200016896                         00000000100032105486000000000000000000000000060601122126/100032100000000100032105486021221000000001237626000001  000000000000000000000000000000000000000000000000000000000000000000000000000000000000001237600000000000000000000000000   021221             00000000000000                                                                  000028
1021903727600017200000260206200016896                         00000000200250623035000000000000000000000000060601122126/200250600000000200250623035031221000000000672300105362  000000000000000000000000000000000000000000000000000000000000000000000000000000000000000672300000000000000000000000000   021221             00000000000000                                                                  000029
1021903727600017200000260206200016896                         0000000020027916353P000000000000000000000000060601122126/20027910000000020027916353P041221000000001012534109926  000000000000000000000000000000000000000000000000000000000000000000000000000000000000001012500000000000000000000000000   021221             00000000000000                                                                  000030
1021903727600017200000260206200016896                         00000000400108837965000000000000000000000000060601122126/400108800000000400108837965041221000000007660010402257  000000000000000000000000000000000000000000000000000000000000000000000000000000000000007660000000000000000000000000000   021221             00000000000000                                                                  000031
1021903727600017200000260206200016896                         00000000400193157897000000000000000000000000060601122126/400193100000000400193157897041221000000001500010403880  000000000000000000000000000000000000000000000000000000000000000000000000000000000000001500000000000000000000000000000   021221             00000000000000                                                                  000032
1021903727600017200000260206200016896                         00000000400414203732000000000000000000000000060601122126/400414200000000400414203732041221000000005000000101694  000000000000000000000000000000000000000000000000000000000000000000000000000000000000005000000000000000000000000000000   021221             00000000000000                                                                  000033
1021903727600017200000260206200016896                         00000000400536019967000000000000000000000000060601122126/400536000000000400536019967031221000000000820075600259  000000000000000000000000000000000000000000000000000000000000000000000000000000000000000820000000000000000000000000000   021221             00000000000000                                                                  000034
1021903727600017200000260206200016896                         00000000400621830712000000000000000000000000060601122126/400621800000000400621830712031221000000001500065500001  000000000000000000000000000000000000000000000000000000000000000000000000000000000000001500000000000000000000000000000   021221             00000000000000                                                                  000035
1021903727600017200000260206200016896                         00000000400627755550000000000000000000000000060601122126/400627700000000400627755550041221000000004500010403016  000000000000000000000000000000000000000000000000000000000000000000000000000000000000004500000000000000000000000000000   021221             00000000000000                                                                  000036
1021903727600017200000260206200016896                         00000000400656341587000000000000000000000000060601122126/400656300000000400656341587031221000000002000065500001  000000000000000000000000000000000000000000000000000000000000000000000000000000000000002000000000000000000000000000000   021221             00000000000000                                                                  000037
1021903727600017200000260206200016896                         00000000400683367385000000000000000000000000060601122126/400683300000000400683367385041221000000001540000102020  000000000000000000000000000000000000000000000000000000000000000000000000000000000000001540000000000000000000000000000   021221             00000000000000                                                                  000038
1021903727600017200000260206200016896                         00000000400699476583000000000000000000000000060601122126/400699400000000400699476583021221000000012000034100242  000000000000000000000000000000000000000000000000000000000000000000000000000000000000012000000000000000000000000000000   021221             00000000000000                                                                  000039
1021903727600017200000260206200016896                         00000000400728893423000000000000000000000000060601122126/400728800000000400728893423041221000000001000010403880  000000000000000000000000000000000000000000000000000000000000000000000000000000000000001000000000000000000000000000000   021221             00000000000000                                                                  000040
1021903727600017200000260206200016896                         00000000400736792490000000000000000000000000060601122126/400736700000000400736792490041221000000001060010402089  000000000000000000000000000000000000000000000000000000000000000000000000000000000000001060000000000000000000000000000   021221             00000000000000                                                                  000041
1021903727600017200000260206200016896                         00000000400742701863000000000000000000000000060601122126/400742700000000400742701863041221000000005000010403646  000000000000000000000000000000000000000000000000000000000000000000000000000000000000005000000000000000000000000000000   021221             00000000000000                                                                  000042
1021903727600017200000260206200016896                         00000000400745019540000000000000000000000000060601122126/400745000000000400745019540041221000000002000010400389  000000000000000000000000000000000000000000000000000000000000000000000000000000000000002000000000000000000000000000000   021221             00000000000000                                                                  000043
1021903727600017200000260206200016896                         00000000400757240544000000000000000000000000060601122126/400757200000000400757240544031221000000000810075600259  000000000000000000000000000000000000000000000000000000000000000000000000000000000000000810000000000000000000000000000   021221             00000000000000                                                                  000044
1021903727600017200000260206200016896                         00000000400814469502000000000000000000000000060601122126/400814400000000400814469502041221000000012000007700001  000000000000000000000000000000000000000000000000000000000000000000000000000000000000012000000000000000000000000000000   021221             00000000000000                                                                  000045
1021903727600017200000260206200016896                         00000000400827995637000000000000000000000000060601122126/400827900000000400827995637041221000000003500010400397  000000000000000000000000000000000000000000000000000000000000000000000000000000000000003500000000000000000000000000000   021221             00000000000000                                                                  000046
1021903727600017200000260206200016896                         00000000400831081178000000000000000000000000060601122126/400831000000000400831081178031221000000004500010404354  000000000000000000000000000000000000000000000000000000000000000000000000000000000000004500000000000000000000000000000   021221             00000000000000                                                                  000047
1021903727600017200000260206200016896                         00000000400898888246000000000000000000000000060601122126/400898800000000400898888246041221000000007000026000001  000000000000000000000000000000000000000000000000000000000000000000000000000000000000007000000000000000000000000000000   021221             00000000000000                                                                  000048
1021903727600017200000260206200016896                         00000000400913627691000000000000000000000000060601122126/400913600000000400913627691031221000000010000010404254  000000000000000000000000000000000000000000000000000000000000000000000000000000000000010000000000000000000000000000000   021221             00000000000000                                                                  000049
1021903727600017200000260206200016896                         00000000400924907777000000000000000000000000060601122126/400924900000000400924907777031221000000001550065500001  000000000000000000000000000000000000000000000000000000000000000000000000000000000000001550000000000000000000000000000   021221             00000000000000                                                                  000050
1021903727600017200000260206200016896                         00000000600848338295000000000000000000000000060601122126/600848300000000600848338295041221000000000500063300001  000000000000000000000000000000000000000000000000000000000000000000000000000000000000000500000000000000000000000000000   021221             00000000000000                                                                  000051
1021903727600017200000260206200016896                         00000000200337630194000000000000000000000000061001122126/200337600000000200337630194011021000000002421523700000  000000000000000000000000000000000000000000000000000000000000000000000000000000000000000000000000000000000000000000000                          1600000000                                                                  000052
1021903727600017200000260206200016896                         00000000200444320475000000000000000000000000061001122126/200444300000000200444320475011021000000000069923700000  000000000000000000000000000000000000000000000000000000000000000000000000000000000000000000000000000000000000000000000                          1600000000                                                                  000053
1021903727600017200000260206200016896                         00000000200766576165000000000000000000000000061001122126/200766500000000200766576165011021000000000968823700000  000000000000000000000000000000000000000000000000000000000000000000000000000000000000000000000000000000000000000000000                          1600000000                                                                  000054
1021903727600017200000260206200016896                         00000000400152520812000000000000000000000000061001122126/400152500000000400152520812011021000000001500023700000  000000000000000000000000000000000000000000000000000000000000000000000000000000000000000000000000000000000000000000000                          1600000000                                                                  000055
1021903727600017200000260206200016896                         00000000400703231566000000000000000000000000061001122126/400703200000000400703231566011021000000000800023700000  000000000000000000000000000000000000000000000000000000000000000000000000000000000000000000000000000000000000000000000                          1600000000                                                                  000056
1021903727600017200000260206200016896                         00000000400959397690000000000000000000000000061001122126/400959300000000400959397690011021000000001500023700000  000000000000000000000000000000000000000000000000000000000000000000000000000000000000000000000000000000000000000000000                          1600000000                                                                  000057
9201237          000003450000000729287000000819          00025000000728159000000883624000240000008836240000600000007260200000000000000000000000000000000000000000000000000000000000000000000                                                                                                                                                                              00000000000000000000000         000058
