02RETORNO01COBRANCA       00000000000005034448E-PREPAG ADMINISTRADORA DE CAR237BRADESCO       0212220160000001071                                                                                                                                                                                                                                                                          051222         000001
1021903727600017200000260206200016896                         00000000400419443006000000000000000000000000060202122226/400419400000000400419443006051222000000000800023704158  000000000008200000000000000000000000000000000000000000000000000000000000000000000000000000000000000000000000000000000                          0000000000                                                                  000002
1021903727600017200000260206200016896                         00000000400598295936000000000000000000000000060202122226/400598200000000400598295936051222000000000800023704143  000000000008200000000000000000000000000000000000000000000000000000000000000000000000000000000000000000000000000000000                          7600000000                                                                  000003
1021903727600017200000260206200016896                         00000000400958075010000000000000000000000000060202122226/400958000000000400958075010051222000000002000023704143  000000000008200000000000000000000000000000000000000000000000000000000000000000000000000000000000000000000000000000000                          0000000000                                                                  000004
1021903727600017200000260206200016896                         00000000400961476557000000000000000000000000060202122226/400961400000000400961476557051222000000005130023704157  000000000008200000000000000000000000000000000000000000000000000000000000000000000000000000000000000000000000000000000                          0000000000                                                                  000005
1021903727600017200000260206200016896                         00000000400419443006000000000000000000000000060602122226/400419400000000400419443006051222000000000800023700365  000000000000000000000000000000000000000000000000000000000000000000000000000000000000000800000000000000000000000000000   051222             00000000000000                                                                  000006
1021903727600017200000260206200016896                         00000000400958075010000000000000000000000000060602122226/400958000000000400958075010051222000000002000010400419  000000000000000000000000000000000000000000000000000000000000000000000000000000000000002000000000000000000000000000000   051222             00000000000000                                                                  000007
1021903727600017200000260206200016896                         00000000400961476557000000000000000000000000060602122226/400961400000000400961476557051222000000005130063300001  000000000000000000000000000000000000000000000000000000000000000000000000000000000000005130000000000000000000000000000   051222             00000000000000                                                                  000008
1021903727600017200000260206200016896                         00000000400421268580000000000000000000000000061002122226/400421200000000400421268580021022000000000800023700000  000000000000000000000000000000000000000000000000000000000000000000000000000000000000000000000000000000000000000000000                          1600000000                                                                  000009
9201237          000000940000000554779000001071          00004000000087300000000079300000030000000793000000100000000800000000000000000000000000000000000000000000000000000000000000000000000                                                                                                                                                                              00000000000000000000000         000010
