02RETORNO01COBRANCA       00000000000005034448E-PREPAG ADMINISTRADORA DE CAR237BRADESCO       0209210160000000759                                                                                                                                                                                                                                                                          030921         000001
1021903727600017200000260206200016896                         00000000200352978164000000000000000000000000060202092126/200352900000000200352978164050921000000000500023702062  000000000008200000000000000000000000000000000000000000000000000000000000000000000000000000000000000000000000000000000                          7600000000                                                                  000002
1021903727600017200000260206200016896                         00000000200597294236000000000000000000000000060202092126/200597200000000200597294236050921000000000278623704143  000000000008200000000000000000000000000000000000000000000000000000000000000000000000000000000000000000000000000000000                          7600000000                                                                  000003
1021903727600017200000260206200016896                         00000000200695479910000000000000000000000000060202092126/200695400000000200695479910050921000000000191023704424  000000000008200000000000000000000000000000000000000000000000000000000000000000000000000000000000000000000000000000000                          0000000000                                                                  000004
1021903727600017200000260206200016896                         00000000200805021184000000000000000000000000060202092126/200805000000000200805021184050921000000000500023702062  000000000008200000000000000000000000000000000000000000000000000000000000000000000000000000000000000000000000000000000                          7600000000                                                                  000005
1021903727600017200000260206200016896                         00000000200971831755000000000000000000000000060202092126/200971800000000200971831755050921000000006000023704400  000000000008200000000000000000000000000000000000000000000000000000000000000000000000000000000000000000000000000000000                          0000000000                                                                  000006
1021903727600017200000260206200016896                         00000000400023453939000000000000000000000000060202092126/400023400000000400023453939030921000000000800023704452  000000000008200000000000000000000000000000000000000000000000000000000000000000000000000000000000000000000000000000000                          0000000000                                                                  000007
1021903727600017200000260206200016896                         00000000400120518824000000000000000000000000060202092126/400120500000000400120518824050921000000011000023704157  000000000008200000000000000000000000000000000000000000000000000000000000000000000000000000000000000000000000000000000                          0000000000                                                                  000008
1021903727600017200000260206200016896                         00000000400141731188000000000000000000000000060202092126/400141700000000400141731188050921000000000800023704452  000000000008200000000000000000000000000000000000000000000000000000000000000000000000000000000000000000000000000000000                          0000000000                                                                  000009
1021903727600017200000260206200016896                         00000000400171270304000000000000000000000000060202092126/400171200000000400171270304050921000000002000023704158  000000000008200000000000000000000000000000000000000000000000000000000000000000000000000000000000000000000000000000000                          0000000000                                                                  000010
1021903727600017200000260206200016896                         00000000400173335985000000000000000000000000060202092126/400173300000000400173335985050921000000004000023700320  000000000008200000000000000000000000000000000000000000000000000000000000000000000000000000000000000000000000000000000                          0000000000                                                                  000011
1021903727600017200000260206200016896                         00000000400177437715000000000000000000000000060202092126/400177400000000400177437715050921000000002300023700140  000000000008200000000000000000000000000000000000000000000000000000000000000000000000000000000000000000000000000000000                          0000000000                                                                  000012
1021903727600017200000260206200016896                         00000000400189979823000000000000000000000000060202092126/400189900000000400189979823050921000000005000023704426  000000000008200000000000000000000000000000000000000000000000000000000000000000000000000000000000000000000000000000000                          7600000000                                                                  000013
1021903727600017200000260206200016896                         00000000400212877642000000000000000000000000060202092126/400212800000000400212877642050921000000001550023700140  000000000008200000000000000000000000000000000000000000000000000000000000000000000000000000000000000000000000000000000                          0000000000                                                                  000014
1021903727600017200000260206200016896                         00000000400221758397000000000000000000000000060202092126/400221700000000400221758397050921000000000800023704159  000000000008200000000000000000000000000000000000000000000000000000000000000000000000000000000000000000000000000000000                          0000000000                                                                  000015
1021903727600017200000260206200016896                         00000000400235721348000000000000000000000000060202092126/400235700000000400235721348050921000000000800023704452  000000000008200000000000000000000000000000000000000000000000000000000000000000000000000000000000000000000000000000000                          0000000000                                                                  000016
1021903727600017200000260206200016896                         00000000400273899835000000000000000000000000060202092126/400273800000000400273899835050921000000000800023700140  000000000008200000000000000000000000000000000000000000000000000000000000000000000000000000000000000000000000000000000                          0000000000                                                                  000017
1021903727600017200000260206200016896                         00000000400294676488000000000000000000000000060202092126/400294600000000400294676488050921000000001340023704151  000000000000000000000000000000000000000000000000000000000000000000000000000000000000000000000000000000000000000000000                          0000000000                                                                  000018
1021903727600017200000260206200016896                         00000000400339948980000000000000000000000000060202092126/400339900000000400339948980050921000000001000023704151  000000000008200000000000000000000000000000000000000000000000000000000000000000000000000000000000000000000000000000000                          7600000000                                                                  000019
1021903727600017200000260206200016896                         00000000400378727576000000000000000000000000060202092126/400378700000000400378727576050921000000000800023704452  000000000008200000000000000000000000000000000000000000000000000000000000000000000000000000000000000000000000000000000                          0000000000                                                                  000020
1021903727600017200000260206200016896                         00000000400416079699000000000000000000000000060202092126/400416000000000400416079699050921000000002000023704154  000000000008200000000000000000000000000000000000000000000000000000000000000000000000000000000000000000000000000000000                          0000000000                                                                  000021
1021903727600017200000260206200016896                         00000000400455969618000000000000000000000000060202092126/400455900000000400455969618050921000000000800023704159  000000000008200000000000000000000000000000000000000000000000000000000000000000000000000000000000000000000000000000000                          0000000000                                                                  000022
1021903727600017200000260206200016896                         00000000400487372524000000000000000000000000060202092126/400487300000000400487372524050921000000010000023704143  000000000008200000000000000000000000000000000000000000000000000000000000000000000000000000000000000000000000000000000                          0000000000                                                                  000023
1021903727600017200000260206200016896                         00000000400501255978000000000000000000000000060202092126/400501200000000400501255978050921000000000800023704452  000000000008200000000000000000000000000000000000000000000000000000000000000000000000000000000000000000000000000000000                          0000000000                                                                  000024
1021903727600017200000260206200016896                         00000000400554678285000000000000000000000000060202092126/400554600000000400554678285050921000000012000023704154  000000000008200000000000000000000000000000000000000000000000000000000000000000000000000000000000000000000000000000000                          0000000000                                                                  000025
1021903727600017200000260206200016896                         00000000400578229880000000000000000000000000060202092126/400578200000000400578229880050921000000005500023704144  000000000008200000000000000000000000000000000000000000000000000000000000000000000000000000000000000000000000000000000                          0000000000                                                                  000026
1021903727600017200000260206200016896                         00000000400613137897000000000000000000000000060202092126/400613100000000400613137897050921000000003000023704400  000000000008200000000000000000000000000000000000000000000000000000000000000000000000000000000000000000000000000000000                          0000000000                                                                  000027
1021903727600017200000260206200016896                         00000000400644579391000000000000000000000000060202092126/400644500000000400644579391050921000000002500023704426  000000000008200000000000000000000000000000000000000000000000000000000000000000000000000000000000000000000000000000000                          0000000000                                                                  000028
1021903727600017200000260206200016896                         0000000040067503833P000000000000000000000000060202092126/40067500000000040067503833P050921000000005000023700153  000000000008200000000000000000000000000000000000000000000000000000000000000000000000000000000000000000000000000000000                          0000000000                                                                  000029
1021903727600017200000260206200016896                         00000000400679534315000000000000000000000000060202092126/400679500000000400679534315050921000000000800023704159  000000000008200000000000000000000000000000000000000000000000000000000000000000000000000000000000000000000000000000000                          0000000000                                                                  000030
1021903727600017200000260206200016896                         00000000400725282563000000000000000000000000060202092126/400725200000000400725282563050921000000001600023704159  000000000008200000000000000000000000000000000000000000000000000000000000000000000000000000000000000000000000000000000                          0000000000                                                                  000031
1021903727600017200000260206200016896                         00000000400774105510000000000000000000000000060202092126/400774100000000400774105510050921000000012000023704158  000000000000000000000000000000000000000000000000000000000000000000000000000000000000000000000000000000000000000000000                          0000000000                                                                  000032
1021903727600017200000260206200016896                         00000000400795473579000000000000000000000000060202092126/400795400000000400795473579050921000000000800023704159  000000000008200000000000000000000000000000000000000000000000000000000000000000000000000000000000000000000000000000000                          0000000000                                                                  000033
1021903727600017200000260206200016896                         00000000400820215091000000000000000000000000060202092126/400820200000000400820215091050921000000001800023704159  000000000008200000000000000000000000000000000000000000000000000000000000000000000000000000000000000000000000000000000                          0000000000                                                                  000034
1021903727600017200000260206200016896                         00000000400838977614000000000000000000000000060202092126/400838900000000400838977614050921000000000800023703109  000000000008200000000000000000000000000000000000000000000000000000000000000000000000000000000000000000000000000000000                          0000000000                                                                  000035
1021903727600017200000260206200016896                         00000000400840652250000000000000000000000000060202092126/400840600000000400840652250050921000000002160023704143  000000000008200000000000000000000000000000000000000000000000000000000000000000000000000000000000000000000000000000000                          7600000000                                                                  000036
1021903727600017200000260206200016896                         00000000400865557457000000000000000000000000060202092126/400865500000000400865557457050921000000007000023704143  000000000008200000000000000000000000000000000000000000000000000000000000000000000000000000000000000000000000000000000                          0000000000                                                                  000037
1021903727600017200000260206200016896                         00000000400916063438000000000000000000000000060202092126/400916000000000400916063438050921000000000800023704428  000000000008200000000000000000000000000000000000000000000000000000000000000000000000000000000000000000000000000000000                          0000000000                                                                  000038
1021903727600017200000260206200016896                         0000000040093810166P000000000000000000000000060202092126/40093810000000040093810166P050921000000001300023704426  000000000008200000000000000000000000000000000000000000000000000000000000000000000000000000000000000000000000000000000                          0000000000                                                                  000039
1021903727600017200000260206200016896                         00000000400942551351000000000000000000000000060202092126/400942500000000400942551351050921000000012000023700435  000000000008200000000000000000000000000000000000000000000000000000000000000000000000000000000000000000000000000000000                          0000000000                                                                  000040
1021903727600017200000260206200016896                         00000000400947369756000000000000000000000000060202092126/400947300000000400947369756050921000000000800023704159  000000000008200000000000000000000000000000000000000000000000000000000000000000000000000000000000000000000000000000000                          0000000000                                                                  000041
1021903727600017200000260206200016896                         00000000400992852077000000000000000000000000060202092126/400992800000000400992852077050921000000003000023704400  000000000008200000000000000000000000000000000000000000000000000000000000000000000000000000000000000000000000000000000                          0000000000                                                                  000042
1021903727600017200000260206200016896                         00000000600145410504000000000000000000000000060202092126/600145400000000600145410504050921000000000149923700321  000000000008200000000000000000000000000000000000000000000000000000000000000000000000000000000000000000000000000000000                          0000000000                                                                  000043
1021903727600017200000260206200016896                         00000000600313429615000000000000000000000000060202092126/600313400000000600313429615050921000000000169923700321  000000000008200000000000000000000000000000000000000000000000000000000000000000000000000000000000000000000000000000000                          0000000000                                                                  000044
1021903727600017200000260206200016896                         00000000600456838672000000000000000000000000060202092126/600456800000000600456838672050921000000000149923700321  000000000008200000000000000000000000000000000000000000000000000000000000000000000000000000000000000000000000000000000                          0000000000                                                                  000045
1021903727600017200000260206200016896                         00000000600541224756000000000000000000000000060202092126/600541200000000600541224756050921000000001360023700408  000000000008200000000000000000000000000000000000000000000000000000000000000000000000000000000000000000000000000000000                          0000000000                                                                  000046
1021903727600017200000260206200016896                         00000000600596947528000000000000000000000000060202092126/600596900000000600596947528050921000000000149923700321  000000000008200000000000000000000000000000000000000000000000000000000000000000000000000000000000000000000000000000000                          0000000000                                                                  000047
1021903727600017200000260206200016896                         00000000600728693601000000000000000000000000060202092126/600728600000000600728693601050921000000000269923704400  000000000008200000000000000000000000000000000000000000000000000000000000000000000000000000000000000000000000000000000                          0000000000                                                                  000048
1021903727600017200000260206200016896                         00000000600816868713000000000000000000000000060202092126/600816800000000600816868713050921000000000149923700321  000000000008200000000000000000000000000000000000000000000000000000000000000000000000000000000000000000000000000000000                          0000000000                                                                  000049
1021903727600017200000260206200016896                         00000000600892806603000000000000000000000000060202092126/600892800000000600892806603050921000000000500023704152  000000000008200000000000000000000000000000000000000000000000000000000000000000000000000000000000000000000000000000000                          7600000000                                                                  000050
1021903727600017200000260206200016896                         00000000200352978164000000000000000000000000060602092126/200352900000000200352978164050921000000000500010400129  000000000000000000000000000000000000000000000000000000000000000000000000000000000000000500000000000000000000000000000   030921             00000000000000                                                                  000051
1021903727600017200000260206200016896                         00000000200492036754000000000000000000000000060602092126/200492000000000200492036754040921000000000304310401054  000000000000000000000000000000000000000000000000000000000000000000000000000000000000000304300000000000000000000000000   030921             00000000000000                                                                  000052
1021903727600017200000260206200016896                         00000000200597294236000000000000000000000000060602092126/200597200000000200597294236050921000000000278662300001  000000000000000000000000000000000000000000000000000000000000000000000000000000000000000278600000000000000000000000000   030921             00000000000000                                                                  000053
1021903727600017200000260206200016896                         00000000200695479910000000000000000000000000060602092126/200695400000000200695479910050921000000000191021200001  000000000000000000000000000000000000000000000000000000000000000000000000000000000000000191000000000000000000000000000   030921             00000000000000                                                                  000054
1021903727600017200000260206200016896                         00000000200739718047000000000000000000000000060602092126/200739700000000200739718047040921000000000803010401499  000000000000000000000000000000000000000000000000000000000000000000000000000000000000000803000000000000000000000000000   030921             00000000000000                                                                  000055
1021903727600017200000260206200016896                         00000000200938360038000000000000000000000000060602092126/200938300000000200938360038040921000000000933210401499  000000000000000000000000000000000000000000000000000000000000000000000000000000000000000933200000000000000000000000000   030921             00000000000000                                                                  000056
1021903727600017200000260206200016896                         00000000400109774576000000000000000000000000060602092126/400109700000000400109774576020921000000000800065500001  000000000000000000000000000000000000000000000000000000000000000000000000000000000000000800000000000000000000000000000   030921             00000000000000                                                                  000057
1021903727600017200000260206200016896                         00000000400120518824000000000000000000000000060602092126/400120500000000400120518824050921000000011000021200001  000000000000000000000000000000000000000000000000000000000000000000000000000000000000011000000000000000000000000000000   030921             00000000000000                                                                  000058
1021903727600017200000260206200016896                         00000000400141731188000000000000000000000000060602092126/400141700000000400141731188050921000000000800075604327  000000000000000000000000000000000000000000000000000000000000000000000000000000000000000800000000000000000000000000000   030921             00000000000000                                                                  000059
1021903727600017200000260206200016896                         00000000400171270304000000000000000000000000060602092126/400171200000000400171270304050921000000002000023700365  000000000000000000000000000000000000000000000000000000000000000000000000000000000000002000000000000000000000000000000   030921             00000000000000                                                                  000060
1021903727600017200000260206200016896                         00000000400173335985000000000000000000000000060602092126/400173300000000400173335985050921000000004000010401300  000000000000000000000000000000000000000000000000000000000000000000000000000000000000004000000000000000000000000000000   030921             00000000000000                                                                  000061
1021903727600017200000260206200016896                         00000000400177437715000000000000000000000000060602092126/400177400000000400177437715050921000000002300007000264  000000000000000000000000000000000000000000000000000000000000000000000000000000000000002300000000000000000000000000000   030921             00000000000000                                                                  000062
1021903727600017200000260206200016896                         00000000400189979823000000000000000000000000060602092126/400189900000000400189979823050921000000005000075600528  000000000000000000000000000000000000000000000000000000000000000000000000000000000000005000000000000000000000000000000   030921             00000000000000                                                                  000063
1021903727600017200000260206200016896                         00000000400212877642000000000000000000000000060602092126/400212800000000400212877642050921000000001550010403136  000000000000000000000000000000000000000000000000000000000000000000000000000000000000001550000000000000000000000000000   030921             00000000000000                                                                  000064
1021903727600017200000260206200016896                         00000000400221758397000000000000000000000000060602092126/400221700000000400221758397050921000000000800065500001  000000000000000000000000000000000000000000000000000000000000000000000000000000000000000800000000000000000000000000000   030921             00000000000000                                                                  000065
1021903727600017200000260206200016896                         00000000400235721348000000000000000000000000060602092126/400235700000000400235721348050921000000000800075604327  000000000000000000000000000000000000000000000000000000000000000000000000000000000000000800000000000000000000000000000   030921             00000000000000                                                                  000066
1021903727600017200000260206200016896                         00000000400273899835000000000000000000000000060602092126/400273800000000400273899835050921000000000800010403189  000000000000000000000000000000000000000000000000000000000000000000000000000000000000000800000000000000000000000000000   030921             00000000000000                                                                  000067
1021903727600017200000260206200016896                         00000000400294676488000000000000000000000000060602092126/400294600000000400294676488050921000000001340026000001  000000000000000000000000000000000000000000000000000000000000000000000000000000000000001340000000000000000000000000000   030921             00000000000000                                                                  000068
1021903727600017200000260206200016896                         00000000400305964391000000000000000000000000060602092126/400305900000000400305964391040921000000003000003304017  000000000000000000000000000000000000000000000000000000000000000000000000000000000000003000000000000000000000000000000   030921             00000000000000                                                                  000069
1021903727600017200000260206200016896                         00000000400339948980000000000000000000000000060602092126/400339900000000400339948980050921000000001000026000001  000000000000000000000000000000000000000000000000000000000000000000000000000000000000001000000000000000000000000000000   030921             00000000000000                                                                  000070
1021903727600017200000260206200016896                         00000000400373072474000000000000000000000000060602092126/400373000000000400373072474020921000000000800065500001  000000000000000000000000000000000000000000000000000000000000000000000000000000000000000800000000000000000000000000000   030921             00000000000000                                                                  000071
1021903727600017200000260206200016896                         00000000400378727576000000000000000000000000060602092126/400378700000000400378727576050921000000000800075604327  000000000000000000000000000000000000000000000000000000000000000000000000000000000000000800000000000000000000000000000   030921             00000000000000                                                                  000072
1021903727600017200000260206200016896                         00000000400384153387000000000000000000000000060602092126/400384100000000400384153387020921000000000800065500001  000000000000000000000000000000000000000000000000000000000000000000000000000000000000000800000000000000000000000000000   030921             00000000000000                                                                  000073
1021903727600017200000260206200016896                         00000000400385321577000000000000000000000000060602092126/400385300000000400385321577020921000000000800065500001  000000000000000000000000000000000000000000000000000000000000000000000000000000000000000800000000000000000000000000000   030921             00000000000000                                                                  000074
1021903727600017200000260206200016896                         00000000400416079699000000000000000000000000060602092126/400416000000000400416079699050921000000002000010402898  000000000000000000000000000000000000000000000000000000000000000000000000000000000000002000000000000000000000000000000   030921             00000000000000                                                                  000075
1021903727600017200000260206200016896                         00000000400455969618000000000000000000000000060602092126/400455900000000400455969618050921000000000800065500001  000000000000000000000000000000000000000000000000000000000000000000000000000000000000000800000000000000000000000000000   030921             00000000000000                                                                  000076
1021903727600017200000260206200016896                         00000000400487372524000000000000000000000000060602092126/400487300000000400487372524050921000000010000000103185  000000000000000000000000000000000000000000000000000000000000000000000000000000000000010000000000000000000000000000000   030921             00000000000000                                                                  000077
1021903727600017200000260206200016896                         00000000400501255978000000000000000000000000060602092126/400501200000000400501255978050921000000000800075604327  000000000000000000000000000000000000000000000000000000000000000000000000000000000000000800000000000000000000000000000   030921             00000000000000                                                                  000078
1021903727600017200000260206200016896                         00000000400578229880000000000000000000000000060602092126/400578200000000400578229880050921000000005500010400397  000000000000000000000000000000000000000000000000000000000000000000000000000000000000005500000000000000000000000000000   030921             00000000000000                                                                  000079
1021903727600017200000260206200016896                         00000000400581578519000000000000000000000000060602092126/400581500000000400581578519040921000000001500010403880  000000000000000000000000000000000000000000000000000000000000000000000000000000000000001500000000000000000000000000000   030921             00000000000000                                                                  000080
1021903727600017200000260206200016896                         00000000400611257224000000000000000000000000060602092126/400611200000000400611257224030921000000002000065500001  000000000000000000000000000000000000000000000000000000000000000000000000000000000000002000000000000000000000000000000   030921             00000000000000                                                                  000081
1021903727600017200000260206200016896                         00000000400613137897000000000000000000000000060602092126/400613100000000400613137897050921000000003000010401027  000000000000000000000000000000000000000000000000000000000000000000000000000000000000003000000000000000000000000000000   030921             00000000000000                                                                  000082
1021903727600017200000260206200016896                         00000000400621868930000000000000000000000000060602092126/400621800000000400621868930020921000000000800065500001  000000000000000000000000000000000000000000000000000000000000000000000000000000000000000800000000000000000000000000000   030921             00000000000000                                                                  000083
1021903727600017200000260206200016896                         00000000400644579391000000000000000000000000060602092126/400644500000000400644579391050921000000002500004100377  000000000000000000000000000000000000000000000000000000000000000000000000000000000000002500000000000000000000000000000   030921             00000000000000                                                                  000084
1021903727600017200000260206200016896                         00000000400664647334000000000000000000000000060602092126/400664600000000400664647334020921000000000800065500001  000000000000000000000000000000000000000000000000000000000000000000000000000000000000000800000000000000000000000000000   030921             00000000000000                                                                  000085
1021903727600017200000260206200016896                         00000000400665026511000000000000000000000000060602092126/400665000000000400665026511020921000000000800065500001  000000000000000000000000000000000000000000000000000000000000000000000000000000000000000800000000000000000000000000000   030921             00000000000000                                                                  000086
1021903727600017200000260206200016896                         0000000040067503833P000000000000000000000000060602092126/40067500000000040067503833P050921000000005000000102265  000000000000000000000000000000000000000000000000000000000000000000000000000000000000005000000000000000000000000000000   030921             00000000000000                                                                  000087
1021903727600017200000260206200016896                         00000000400678611499000000000000000000000000060602092126/400678600000000400678611499020921000000000800065500001  000000000000000000000000000000000000000000000000000000000000000000000000000000000000000800000000000000000000000000000   030921             00000000000000                                                                  000088
1021903727600017200000260206200016896                         00000000400679534315000000000000000000000000060602092126/400679500000000400679534315050921000000000800065500001  000000000000000000000000000000000000000000000000000000000000000000000000000000000000000800000000000000000000000000000   030921             00000000000000                                                                  000089
1021903727600017200000260206200016896                         00000000400725282563000000000000000000000000060602092126/400725200000000400725282563050921000000001600075604327  000000000000000000000000000000000000000000000000000000000000000000000000000000000000001600000000000000000000000000000   030921             00000000000000                                                                  000090
1021903727600017200000260206200016896                         00000000400795473579000000000000000000000000060602092126/400795400000000400795473579050921000000000800065500001  000000000000000000000000000000000000000000000000000000000000000000000000000000000000000800000000000000000000000000000   030921             00000000000000                                                                  000091
1021903727600017200000260206200016896                         00000000400820215091000000000000000000000000060602092126/400820200000000400820215091050921000000001800075604327  000000000000000000000000000000000000000000000000000000000000000000000000000000000000001800000000000000000000000000000   030921             00000000000000                                                                  000092
1021903727600017200000260206200016896                         00000000400838977614000000000000000000000000060602092126/400838900000000400838977614050921000000000800063300001  000000000000000000000000000000000000000000000000000000000000000000000000000000000000000800000000000000000000000000000   030921             00000000000000                                                                  000093
1021903727600017200000260206200016896                         00000000400840652250000000000000000000000000060602092126/400840600000000400840652250050921000000002160023702151  000000000000000000000000000000000000000000000000000000000000000000000000000000000000002160000000000000000000000000000   030921             00000000000000                                                                  000094
1021903727600017200000260206200016896                         00000000400865557457000000000000000000000000060602092126/400865500000000400865557457050921000000007000010403646  000000000000000000000000000000000000000000000000000000000000000000000000000000000000007000000000000000000000000000000   030921             00000000000000                                                                  000095
1021903727600017200000260206200016896                         00000000400916063438000000000000000000000000060602092126/400916000000000400916063438050921000000000800065500001  000000000000000000000000000000000000000000000000000000000000000000000000000000000000000800000000000000000000000000000   030921             00000000000000                                                                  000096
1021903727600017200000260206200016896                         0000000040093810166P000000000000000000000000060602092126/40093810000000040093810166P050921000000001300074801443  000000000000000000000000000000000000000000000000000000000000000000000000000000000000001300000000000000000000000000000   030921             00000000000000                                                                  000097
1021903727600017200000260206200016896                         00000000400942551351000000000000000000000000060602092126/400942500000000400942551351050921000000012000010400041  000000000000000000000000000000000000000000000000000000000000000000000000000000000000012000000000000000000000000000000   030921             00000000000000                                                                  000098
1021903727600017200000260206200016896                         00000000400950466169000000000000000000000000060602092126/400950400000000400950466169020921000000000800065500001  000000000000000000000000000000000000000000000000000000000000000000000000000000000000000800000000000000000000000000000   030921             00000000000000                                                                  000099
1021903727600017200000260206200016896                         00000000400959537522000000000000000000000000060602092126/400959500000000400959537522040921000000007000010401859  000000000000000000000000000000000000000000000000000000000000000000000000000000000000007000000000000000000000000000000   030921             00000000000000                                                                  000100
1021903727600017200000260206200016896                         00000000600596947528000000000000000000000000060602092126/600596900000000600596947528050921000000000149926000001  000000000000000000000000000000000000000000000000000000000000000000000000000000000000000149900000000000000000000000000   030921             00000000000000                                                                  000101
1021903727600017200000260206200016896                         00000000400199821543000000000000000000000000061002092126/400199800000000400199821543030721000000000900023700000  000000000000000000000000000000000000000000000000000000000000000000000000000000000000000000000000000000000000000000000                          1600000000                                                                  000102
1021903727600017200000260206200016896                         00000000400264025822000000000000000000000000061002092126/400264000000000400264025822030721000000003500023700000  000000000000000000000000000000000000000000000000000000000000000000000000000000000000000000000000000000000000000000000                          1600000000                                                                  000103
1021903727600017200000260206200016896                         00000000400280515457000000000000000000000000061002092126/400280500000000400280515457030721000000000800023700000  000000000000000000000000000000000000000000000000000000000000000000000000000000000000000000000000000000000000000000000                          1600000000                                                                  000104
1021903727600017200000260206200016896                         0000000040029242726P000000000000000000000000061002092126/40029240000000040029242726P030721000000000800023700000  000000000000000000000000000000000000000000000000000000000000000000000000000000000000000000000000000000000000000000000                          1600000000                                                                  000105
1021903727600017200000260206200016896                         00000000400300885507000000000000000000000000061002092126/400300800000000400300885507030721000000000800023700000  000000000000000000000000000000000000000000000000000000000000000000000000000000000000000000000000000000000000000000000                          1600000000                                                                  000106
1021903727600017200000260206200016896                         00000000400385890849000000000000000000000000061002092126/400385800000000400385890849030721000000000800023700000  000000000000000000000000000000000000000000000000000000000000000000000000000000000000000000000000000000000000000000000                          1600000000                                                                  000107
1021903727600017200000260206200016896                         00000000400422832315000000000000000000000000061002092126/400422800000000400422832315030721000000001000023700000  000000000000000000000000000000000000000000000000000000000000000000000000000000000000000000000000000000000000000000000                          1600000000                                                                  000108
1021903727600017200000260206200016896                         00000000400752835965000000000000000000000000061002092126/400752800000000400752835965030721000000009900023700000  000000000000000000000000000000000000000000000000000000000000000000000000000000000000000000000000000000000000000000000                          1600000000                                                                  000109
1021903727600017200000260206200016896                         00000000400771194725000000000000000000000000061002092126/400771100000000400771194725030721000000000800023700000  000000000000000000000000000000000000000000000000000000000000000000000000000000000000000000000000000000000000000000000                          1600000000                                                                  000110
1021903727600017200000260206200016896                         00000000400906555626000000000000000000000000061002092126/400906500000000400906555626030721000000000800023700000  000000000000000000000000000000000000000000000000000000000000000000000000000000000000000000000000000000000000000000000                          1600000000                                                                  000111
1021903727600017200000260206200016896                         00000000600194697525000000000000000000000000061002092126/600194600000000600194697525030721000000000119923700000  000000000000000000000000000000000000000000000000000000000000000000000000000000000000000000000000000000000000000000000                          1600000000                                                                  000112
1021903727600017200000260206200016896                         00000000600995612270000000000000000000000000061002092126/600995600000000600995612270030721000000000119923700000  000000000000000000000000000000000000000000000000000000000000000000000000000000000000000000000000000000000000000000000                          1600000000                                                                  000113
9201237          000007640000001704057100000759          00049000001298190000001147100000510000011471000001200000020339800000000000000000000000000000000000000000000000000000000000000000000                                                                                                                                                                              00000000000000000000000         000114
