02RETORNO01COBRANCA       00000000000005034448E-PREPAG ADMINISTRADORA DE CAR237BRADESCO       0212210160000000820                                                                                                                                                                                                                                                                          031221         000001
1021903727600017200000260206200016896                         00000000200131627936000000000000000000000000060202122126/200131600000000200131627936051221000000001708223704159  000000000008200000000000000000000000000000000000000000000000000000000000000000000000000000000000000000000000000000000                          0000000000                                                                  000002
1021903727600017200000260206200016896                         00000000200445723689000000000000000000000000060202122126/200445700000000200445723689051221000000000119923704422  000000000008200000000000000000000000000000000000000000000000000000000000000000000000000000000000000000000000000000000                          0000000000                                                                  000003
1021903727600017200000260206200016896                         00000000200875537021000000000000000000000000060202122126/200875500000000200875537021051221000000000269923700405  000000000008200000000000000000000000000000000000000000000000000000000000000000000000000000000000000000000000000000000                          0000000000                                                                  000004
1021903727600017200000260206200016896                         00000000400043065552000000000000000000000000060202122126/400043000000000400043065552051221000000011030023704154  000000000008200000000000000000000000000000000000000000000000000000000000000000000000000000000000000000000000000000000                          0000000000                                                                  000005
1021903727600017200000260206200016896                         0000000040010467865P000000000000000000000000060202122126/40010460000000040010467865P051221000000001000023700435  000000000008200000000000000000000000000000000000000000000000000000000000000000000000000000000000000000000000000000000                          0000000000                                                                  000006
1021903727600017200000260206200016896                         00000000400151317479000000000000000000000000060202122126/400151300000000400151317479051221000000003000023704426  000000000008200000000000000000000000000000000000000000000000000000000000000000000000000000000000000000000000000000000                          0000000000                                                                  000007
1021903727600017200000260206200016896                         00000000400161506695000000000000000000000000060202122126/400161500000000400161506695051221000000000800023704422  000000000008200000000000000000000000000000000000000000000000000000000000000000000000000000000000000000000000000000000                          0000000000                                                                  000008
1021903727600017200000260206200016896                         00000000400215138611000000000000000000000000060202122126/400215100000000400215138611051221000000000800023704422  000000000008200000000000000000000000000000000000000000000000000000000000000000000000000000000000000000000000000000000                          0000000000                                                                  000009
1021903727600017200000260206200016896                         00000000400239444772000000000000000000000000060202122126/400239400000000400239444772051221000000000800023704159  000000000008200000000000000000000000000000000000000000000000000000000000000000000000000000000000000000000000000000000                          0000000000                                                                  000010
1021903727600017200000260206200016896                         00000000400349398997000000000000000000000000060202122126/400349300000000400349398997051221000000003000023704143  000000000008200000000000000000000000000000000000000000000000000000000000000000000000000000000000000000000000000000000                          7600000000                                                                  000011
1021903727600017200000260206200016896                         00000000400365274556000000000000000000000000060202122126/400365200000000400365274556051221000000003300023704159  000000000008200000000000000000000000000000000000000000000000000000000000000000000000000000000000000000000000000000000                          0000000000                                                                  000012
1021903727600017200000260206200016896                         00000000400418674616000000000000000000000000060202122126/400418600000000400418674616051221000000001200023700389  000000000008200000000000000000000000000000000000000000000000000000000000000000000000000000000000000000000000000000000                          0000000000                                                                  000013
1021903727600017200000260206200016896                         0000000040042832060P000000000000000000000000060202122126/40042830000000040042832060P051221000000002610023704154  000000000008200000000000000000000000000000000000000000000000000000000000000000000000000000000000000000000000000000000                          0000000000                                                                  000014
1021903727600017200000260206200016896                         00000000400491057560000000000000000000000000060202122126/400491000000000400491057560051221000000000800023704422  000000000008200000000000000000000000000000000000000000000000000000000000000000000000000000000000000000000000000000000                          0000000000                                                                  000015
1021903727600017200000260206200016896                         00000000400515275890000000000000000000000000060202122126/400515200000000400515275890051221000000000950023704158  000000000008200000000000000000000000000000000000000000000000000000000000000000000000000000000000000000000000000000000                          0000000000                                                                  000016
1021903727600017200000260206200016896                         00000000400539324221000000000000000000000000060202122126/400539300000000400539324221051221000000003000023704426  000000000008200000000000000000000000000000000000000000000000000000000000000000000000000000000000000000000000000000000                          0000000000                                                                  000017
1021903727600017200000260206200016896                         00000000400564649267000000000000000000000000060202122126/400564600000000400564649267051221000000000800023704159  000000000008200000000000000000000000000000000000000000000000000000000000000000000000000000000000000000000000000000000                          0000000000                                                                  000018
1021903727600017200000260206200016896                         00000000400609660356000000000000000000000000060202122126/400609600000000400609660356051221000000004000023704274  000000000008200000000000000000000000000000000000000000000000000000000000000000000000000000000000000000000000000000000                          0000000000                                                                  000019
1021903727600017200000260206200016896                         00000000400624313263000000000000000000000000060202122126/400624300000000400624313263051221000000002420023700153  000000000008200000000000000000000000000000000000000000000000000000000000000000000000000000000000000000000000000000000                          0000000000                                                                  000020
1021903727600017200000260206200016896                         00000000400685375660000000000000000000000000060202122126/400685300000000400685375660051221000000003000023704602  000000000008200000000000000000000000000000000000000000000000000000000000000000000000000000000000000000000000000000000                          0000000000                                                                  000021
1021903727600017200000260206200016896                         00000000400866301162000000000000000000000000060202122126/400866300000000400866301162051221000000000800023704422  000000000008200000000000000000000000000000000000000000000000000000000000000000000000000000000000000000000000000000000                          0000000000                                                                  000022
1021903727600017200000260206200016896                         00000000400897412558000000000000000000000000060202122126/400897400000000400897412558051221000000000800023704422  000000000008200000000000000000000000000000000000000000000000000000000000000000000000000000000000000000000000000000000                          0000000000                                                                  000023
1021903727600017200000260206200016896                         00000000600499992756000000000000000000000000060202122126/600499900000000600499992756051221000000000269923704151  000000000008200000000000000000000000000000000000000000000000000000000000000000000000000000000000000000000000000000000                          7600000000                                                                  000024
1021903727600017200000260206200016896                         0000000060086476962P000000000000000000000000060202122126/60086470000000060086476962P051221000000000069923704159  000000000008200000000000000000000000000000000000000000000000000000000000000000000000000000000000000000000000000000000                          7600000000                                                                  000025
1021903727600017200000260206200016896                         00000000200152219080000000000000000000000000060602122126/200152200000000200152219080041221000000000675034104898  000000000000000000000000000000000000000000000000000000000000000000000000000000000000000675000000000000000000000000000   031221             00000000000000                                                                  000026
1021903727600017200000260206200016896                         00000000200519322282000000000000000000000000060602122126/200519300000000200519322282031221000000001008563300001  000000000000000000000000000000000000000000000000000000000000000000000000000000000000001008500000000000000000000000000   031221             00000000000000                                                                  000027
1021903727600017200000260206200016896                         00000000200562993298000000000000000000000000060602122126/200562900000000200562993298041221000000000205463300001  000000000000000000000000000000000000000000000000000000000000000000000000000000000000000205400000000000000000000000000   031221             00000000000000                                                                  000028
1021903727600017200000260206200016896                         00000000200857947735000000000000000000000000060602122126/200857900000000200857947735041221000000000190810403544  000000000000000000000000000000000000000000000000000000000000000000000000000000000000000190800000000000000000000000000   031221             00000000000000                                                                  000029
1021903727600017200000260206200016896                         00000000400043065552000000000000000000000000060602122126/400043000000000400043065552051221000000011030010400169  000000000000000000000000000000000000000000000000000000000000000000000000000000000000011030000000000000000000000000000   031221             00000000000000                                                                  000030
1021903727600017200000260206200016896                         0000000040010467865P000000000000000000000000060602122126/40010460000000040010467865P051221000000001000075604327  000000000000000000000000000000000000000000000000000000000000000000000000000000000000001000000000000000000000000000000   031221             00000000000000                                                                  000031
1021903727600017200000260206200016896                         00000000400151317479000000000000000000000000060602122126/400151300000000400151317479051221000000003000010403711  000000000000000000000000000000000000000000000000000000000000000000000000000000000000003000000000000000000000000000000   031221             00000000000000                                                                  000032
1021903727600017200000260206200016896                         00000000400161506695000000000000000000000000060602122126/400161500000000400161506695051221000000000800065500001  000000000000000000000000000000000000000000000000000000000000000000000000000000000000000800000000000000000000000000000   031221             00000000000000                                                                  000033
1021903727600017200000260206200016896                         00000000400215138611000000000000000000000000060602122126/400215100000000400215138611051221000000000800065500001  000000000000000000000000000000000000000000000000000000000000000000000000000000000000000800000000000000000000000000000   031221             00000000000000                                                                  000034
1021903727600017200000260206200016896                         00000000400239444772000000000000000000000000060602122126/400239400000000400239444772051221000000000800065500001  000000000000000000000000000000000000000000000000000000000000000000000000000000000000000800000000000000000000000000000   031221             00000000000000                                                                  000035
1021903727600017200000260206200016896                         00000000400349398997000000000000000000000000060602122126/400349300000000400349398997051221000000003000023702151  000000000000000000000000000000000000000000000000000000000000000000000000000000000000003000000000000000000000000000000   031221             00000000000000                                                                  000036
1021903727600017200000260206200016896                         00000000400365274556000000000000000000000000060602122126/400365200000000400365274556051221000000003300075604327  000000000000000000000000000000000000000000000000000000000000000000000000000000000000003300000000000000000000000000000   031221             00000000000000                                                                  000037
1021903727600017200000260206200016896                         00000000400418674616000000000000000000000000060602122126/400418600000000400418674616051221000000001200010401557  000000000000000000000000000000000000000000000000000000000000000000000000000000000000001200000000000000000000000000000   031221             00000000000000                                                                  000038
1021903727600017200000260206200016896                         00000000400491057560000000000000000000000000060602122126/400491000000000400491057560051221000000000800065500001  000000000000000000000000000000000000000000000000000000000000000000000000000000000000000800000000000000000000000000000   031221             00000000000000                                                                  000039
1021903727600017200000260206200016896                         00000000400515275890000000000000000000000000060602122126/400515200000000400515275890051221000000000950000102020  000000000000000000000000000000000000000000000000000000000000000000000000000000000000000950000000000000000000000000000   031221             00000000000000                                                                  000040
1021903727600017200000260206200016896                         00000000400564649267000000000000000000000000060602122126/400564600000000400564649267051221000000000800065500001  000000000000000000000000000000000000000000000000000000000000000000000000000000000000000800000000000000000000000000000   031221             00000000000000                                                                  000041
1021903727600017200000260206200016896                         00000000400609660356000000000000000000000000060602122126/400609600000000400609660356051221000000004000074801101  000000000000000000000000000000000000000000000000000000000000000000000000000000000000004000000000000000000000000000000   031221             00000000000000                                                                  000042
1021903727600017200000260206200016896                         00000000400624313263000000000000000000000000060602122126/400624300000000400624313263051221000000002420023705889  000000000000000000000000000000000000000000000000000000000000000000000000000000000000002420000000000000000000000000000   031221             00000000000000                                                                  000043
1021903727600017200000260206200016896                         00000000400685375660000000000000000000000000060602122126/400685300000000400685375660051221000000003000010400709  000000000000000000000000000000000000000000000000000000000000000000000000000000000000003000000000000000000000000000000   031221             00000000000000                                                                  000044
1021903727600017200000260206200016896                         00000000400866301162000000000000000000000000060602122126/400866300000000400866301162051221000000000800065500001  000000000000000000000000000000000000000000000000000000000000000000000000000000000000000800000000000000000000000000000   031221             00000000000000                                                                  000045
1021903727600017200000260206200016896                         00000000400897412558000000000000000000000000060602122126/400897400000000400897412558051221000000000800065500001  000000000000000000000000000000000000000000000000000000000000000000000000000000000000000800000000000000000000000000000   031221             00000000000000                                                                  000046
1021903727600017200000260206200016896                         00000000200426022793000000000000000000000000061002122126/200426000000000200426022793021021000000000290923700000  000000000000000000000000000000000000000000000000000000000000000000000000000000000000000000000000000000000000000000000                          1600000000                                                                  000047
1021903727600017200000260206200016896                         00000000400520278989000000000000000000000000061002122126/400520200000000400520278989021021000000001000023700000  000000000000000000000000000000000000000000000000000000000000000000000000000000000000000000000000000000000000000000000                          1600000000                                                                  000048
1021903727600017200000260206200016896                         00000000400584775714000000000000000000000000061002122126/400584700000000400584775714021021000000002000023700000  000000000000000000000000000000000000000000000000000000000000000000000000000000000000000000000000000000000000000000000                          1600000000                                                                  000049
1021903727600017200000260206200016896                         00000000400809491575000000000000000000000000061002122126/400809400000000400809491575021021000000000800023700000  000000000000000000000000000000000000000000000000000000000000000000000000000000000000000000000000000000000000000000000                          1600000000                                                                  000050
1021903727600017200000260206200016896                         00000000400832022949000000000000000000000000061002122126/400832000000000400832022949021021000000004000023700000  000000000000000000000000000000000000000000000000000000000000000000000000000000000000000000000000000000000000000000000                          1600000000                                                                  000051
9201237          000003430000000727164200000820          00024000000465478000000405797000210000004057970000500000008090900000000000000000000000000000000000000000000000000000000000000000000                                                                                                                                                                              00000000000000000000000         000052
