02RETORNO01COBRANCA       00000000000005034448E-PREPAG ADMINISTRADORA DE CAR237BRADESCO       0306220160000000946                                                                                                                                                                                                                                                                          060622         000001
1021903727600017200000260206200016896                         00000000200554778450000000000000000000000000060203062226/200554700000000200554778450060622000000001438523704428  000000000008200000000000000000000000000000000000000000000000000000000000000000000000000000000000000000000000000000000                          0000000000                                                                  000002
1021903727600017200000260206200016896                         00000000200727620785000000000000000000000000060203062226/200727600000000200727620785060622000000000258223704159  000000000000000000000000000000000000000000000000000000000000000000000000000000000000000000000000000000000000000000000                          0000000000                                                                  000003
1021903727600017200000260206200016896                         00000000200847596756000000000000000000000000060203062226/200847500000000200847596756060622000000000353523704159  000000000000000000000000000000000000000000000000000000000000000000000000000000000000000000000000000000000000000000000                          0000000000                                                                  000004
1021903727600017200000260206200016896                         00000000400396514830000000000000000000000000060203062226/400396500000000400396514830060622000000012000023704400  000000000008200000000000000000000000000000000000000000000000000000000000000000000000000000000000000000000000000000000                          0000000000                                                                  000005
1021903727600017200000260206200016896                         00000000400523032417000000000000000000000000060203062226/400523000000000400523032417060622000000001000023704159  000000000008200000000000000000000000000000000000000000000000000000000000000000000000000000000000000000000000000000000                          0000000000                                                                  000006
1021903727600017200000260206200016896                         00000000400529734375000000000000000000000000060203062226/400529700000000400529734375060622000000002000023704152  000000000008200000000000000000000000000000000000000000000000000000000000000000000000000000000000000000000000000000000                          0000000000                                                                  000007
1021903727600017200000260206200016896                         00000000400880198501000000000000000000000000060203062226/400880100000000400880198501060622000000002000023704152  000000000008200000000000000000000000000000000000000000000000000000000000000000000000000000000000000000000000000000000                          0000000000                                                                  000008
1021903727600017200000260206200016896                         00000000600413189107000000000000000000000000060203062226/600413100000000600413189107060622000000000500023702062  000000000008200000000000000000000000000000000000000000000000000000000000000000000000000000000000000000000000000000000                          7600000000                                                                  000009
1021903727600017200000260206200016896                         00000000200554778450000000000000000000000000060603062226/200554700000000200554778450060622000000001438510401813  000000000000000000000000000000000000000000000000000000000000000000000000000000000000001438500000000000000000000000000   060622             00000000000000                                                                  000010
1021903727600017200000260206200016896                         00000000400396514830000000000000000000000000060603062226/400396500000000400396514830060622000000012000034107220  000000000000000000000000000000000000000000000000000000000000000000000000000000000000012000000000000000000000000000000   060622             00000000000000                                                                  000011
1021903727600017200000260206200016896                         00000000400523032417000000000000000000000000060603062226/400523000000000400523032417060622000000001000075604327  000000000000000000000000000000000000000000000000000000000000000000000000000000000000001000000000000000000000000000000   060622             00000000000000                                                                  000012
1021903727600017200000260206200016896                         00000000400529734375000000000000000000000000060603062226/400529700000000400529734375060622000000002000023700536  000000000000000000000000000000000000000000000000000000000000000000000000000000000000002000000000000000000000000000000   060622             00000000000000                                                                  000013
1021903727600017200000260206200016896                         00000000600413189107000000000000000000000000060603062226/600413100000000600413189107060622000000000500065500001  000000000000000000000000000000000000000000000000000000000000000000000000000000000000000500000000000000000000000000000   060622             00000000000000                                                                  000014
1021903727600017200000260206200016896                         00000000200161822717000000000000000000000000061003062226/200161800000000200161822717030422000000000858823700000  000000000000000000000000000000000000000000000000000000000000000000000000000000000000000000000000000000000000000000000                          1600000000                                                                  000015
1021903727600017200000260206200016896                         00000000200166198043000000000000000000000000061003062226/200166100000000200166198043030422000000000048523700000  000000000000000000000000000000000000000000000000000000000000000000000000000000000000000000000000000000000000000000000                          1600000000                                                                  000016
1021903727600017200000260206200016896                         00000000200862197396000000000000000000000000061003062226/200862100000000200862197396030422000000000304323700000  000000000000000000000000000000000000000000000000000000000000000000000000000000000000000000000000000000000000000000000                          1600000000                                                                  000017
1021903727600017200000260206200016896                         00000000400323161379000000000000000000000000061003062226/400323100000000400323161379030422000000003500023700000  000000000000000000000000000000000000000000000000000000000000000000000000000000000000000000000000000000000000000000000                          1600000000                                                                  000018
1021903727600017200000260206200016896                         00000000600125768089000000000000000000000000061003062226/600125700000000600125768089030422000000000089923700000  000000000000000000000000000000000000000000000000000000000000000000000000000000000000000000000000000000000000000000000                          1600000000                                                                  000019
1021903727600017200000260206200016896                         00000000600569817426000000000000000000000000061003062226/600569800000000600569817426030422000000000109923700000  000000000000000000000000000000000000000000000000000000000000000000000000000000000000000000000000000000000000000000000                          1600000000                                                                  000020
9201237          000001340000000385329600000946          00008000000195502000000169385000050000001693850000600000004911400000000000000000000000000000000000000000000000000000000000000000000                                                                                                                                                                              00000000000000000000000         000021
