02RETORNO01COBRANCA       00000000000005034448E-PREPAG ADMINISTRADORA DE CAR237BRADESCO       0311210160000000800                                                                                                                                                                                                                                                                          041121         000001
1021903727600017200000260206200016896                         00000000200038328899000000000000000000000000060203112126/200038300000000200038328899051121000000002000023704147  000000000008200000000000000000000000000000000000000000000000000000000000000000000000000000000000000000000000000000000                          0000000000                                                                  000002
1021903727600017200000260206200016896                         00000000200150064691000000000000000000000000060203112126/200150000000000200150064691061121000000000500023700408  000000000008200000000000000000000000000000000000000000000000000000000000000000000000000000000000000000000000000000000                          7600000000                                                                  000003
1021903727600017200000260206200016896                         00000000200224109137000000000000000000000000060203112126/200224100000000200224109137051121000000000389123704424  000000000008200000000000000000000000000000000000000000000000000000000000000000000000000000000000000000000000000000000                          0000000000                                                                  000004
1021903727600017200000260206200016896                         00000000200246289740000000000000000000000000060203112126/200246200000000200246289740051121000000000737923704400  000000000008200000000000000000000000000000000000000000000000000000000000000000000000000000000000000000000000000000000                          0000000000                                                                  000005
1021903727600017200000260206200016896                         00000000200344807962000000000000000000000000060203112126/200344800000000200344807962061121000000000224423704400  000000000008200000000000000000000000000000000000000000000000000000000000000000000000000000000000000000000000000000000                          0000000000                                                                  000006
1021903727600017200000260206200016896                         00000000200382556035000000000000000000000000060203112126/200382500000000200382556035061121000000000319923704157  000000000008200000000000000000000000000000000000000000000000000000000000000000000000000000000000000000000000000000000                          0000000000                                                                  000007
1021903727600017200000260206200016896                         00000000200469494192000000000000000000000000060203112126/200469400000000200469494192051121000000001022523704426  000000000008200000000000000000000000000000000000000000000000000000000000000000000000000000000000000000000000000000000                          0000000000                                                                  000008
1021903727600017200000260206200016896                         00000000200651521065000000000000000000000000060203112126/200651500000000200651521065061121000000001703423704400  000000000000000000000000000000000000000000000000000000000000000000000000000000000000000000000000000000000000000000000                          7600000000                                                                  000009
1021903727600017200000260206200016896                         00000000200762421167000000000000000000000000060203112126/200762400000000200762421167061121000000001703423704424  000000000008200000000000000000000000000000000000000000000000000000000000000000000000000000000000000000000000000000000                          0000000000                                                                  000010
1021903727600017200000260206200016896                         00000000200849008819000000000000000000000000060203112126/200849000000000200849008819061121000000001363223700140  000000000008200000000000000000000000000000000000000000000000000000000000000000000000000000000000000000000000000000000                          7600000000                                                                  000011
1021903727600017200000260206200016896                         00000000200983532362000000000000000000000000060203112126/200983500000000200983532362061121000000000303323703109  000000000008200000000000000000000000000000000000000000000000000000000000000000000000000000000000000000000000000000000                          0000000000                                                                  000012
1021903727600017200000260206200016896                         00000000400063835478000000000000000000000000060203112126/400063800000000400063835478061121000000001500023704424  000000000008200000000000000000000000000000000000000000000000000000000000000000000000000000000000000000000000000000000                          0000000000                                                                  000013
1021903727600017200000260206200016896                         00000000400114559454000000000000000000000000060203112126/400114500000000400114559454061121000000001700023704143  000000000008200000000000000000000000000000000000000000000000000000000000000000000000000000000000000000000000000000000                          7600000000                                                                  000014
1021903727600017200000260206200016896                         00000000400135086963000000000000000000000000060203112126/400135000000000400135086963061121000000002500023704152  000000000008200000000000000000000000000000000000000000000000000000000000000000000000000000000000000000000000000000000                          0000000000                                                                  000015
1021903727600017200000260206200016896                         00000000400187976002000000000000000000000000060203112126/400187900000000400187976002061121000000005000023704151  000000000008200000000000000000000000000000000000000000000000000000000000000000000000000000000000000000000000000000000                          0000000000                                                                  000016
1021903727600017200000260206200016896                         00000000400195777450000000000000000000000000060203112126/400195700000000400195777450061121000000002000023704151  000000000008200000000000000000000000000000000000000000000000000000000000000000000000000000000000000000000000000000000                          0000000000                                                                  000017
1021903727600017200000260206200016896                         00000000400215930455000000000000000000000000060203112126/400215900000000400215930455061121000000000800023704422  000000000008200000000000000000000000000000000000000000000000000000000000000000000000000000000000000000000000000000000                          0000000000                                                                  000018
1021903727600017200000260206200016896                         00000000400263086232000000000000000000000000060203112126/400263000000000400263086232061121000000002250023704154  000000000008200000000000000000000000000000000000000000000000000000000000000000000000000000000000000000000000000000000                          0000000000                                                                  000019
1021903727600017200000260206200016896                         00000000400271561292000000000000000000000000060203112126/400271500000000400271561292061121000000001500023700153  000000000008200000000000000000000000000000000000000000000000000000000000000000000000000000000000000000000000000000000                          0000000000                                                                  000020
1021903727600017200000260206200016896                         00000000400337300320000000000000000000000000060203112126/400337300000000400337300320061121000000009500023704157  000000000008200000000000000000000000000000000000000000000000000000000000000000000000000000000000000000000000000000000                          0000000000                                                                  000021
1021903727600017200000260206200016896                         00000000400368223111000000000000000000000000060203112126/400368200000000400368223111061121000000009500023704157  000000000008200000000000000000000000000000000000000000000000000000000000000000000000000000000000000000000000000000000                          0000000000                                                                  000022
1021903727600017200000260206200016896                         00000000400382040186000000000000000000000000060203112126/400382000000000400382040186061121000000015000023704157  000000000008200000000000000000000000000000000000000000000000000000000000000000000000000000000000000000000000000000000                          0000000000                                                                  000023
1021903727600017200000260206200016896                         00000000400390195571000000000000000000000000060203112126/400390100000000400390195571061121000000001500023703162  000000000008200000000000000000000000000000000000000000000000000000000000000000000000000000000000000000000000000000000                          0000000000                                                                  000024
1021903727600017200000260206200016896                         00000000400454368165000000000000000000000000060203112126/400454300000000400454368165061121000000003500023700153  000000000008200000000000000000000000000000000000000000000000000000000000000000000000000000000000000000000000000000000                          0000000000                                                                  000025
1021903727600017200000260206200016896                         00000000400455581873000000000000000000000000060203112126/400455500000000400455581873061121000000001900023704159  000000000008200000000000000000000000000000000000000000000000000000000000000000000000000000000000000000000000000000000                          0000000000                                                                  000026
1021903727600017200000260206200016896                         00000000400470064249000000000000000000000000060203112126/400470000000000400470064249061121000000000800023704422  000000000008200000000000000000000000000000000000000000000000000000000000000000000000000000000000000000000000000000000                          0000000000                                                                  000027
1021903727600017200000260206200016896                         00000000400491256385000000000000000000000000060203112126/400491200000000400491256385061121000000000800023704159  000000000008200000000000000000000000000000000000000000000000000000000000000000000000000000000000000000000000000000000                          0000000000                                                                  000028
1021903727600017200000260206200016896                         00000000400576444083000000000000000000000000060203112126/400576400000000400576444083061121000000010000023700140  000000000008200000000000000000000000000000000000000000000000000000000000000000000000000000000000000000000000000000000                          0000000000                                                                  000029
1021903727600017200000260206200016896                         00000000400607528930000000000000000000000000060203112126/400607500000000400607528930051121000000004000023700140  000000000008200000000000000000000000000000000000000000000000000000000000000000000000000000000000000000000000000000000                          0000000000                                                                  000030
1021903727600017200000260206200016896                         00000000400646465350000000000000000000000000060203112126/400646400000000400646465350061121000000001500023704400  000000000008200000000000000000000000000000000000000000000000000000000000000000000000000000000000000000000000000000000                          0000000000                                                                  000031
1021903727600017200000260206200016896                         00000000400666225836000000000000000000000000060203112126/400666200000000400666225836061121000000001000023704151  000000000000000000000000000000000000000000000000000000000000000000000000000000000000000000000000000000000000000000000                          0000000000                                                                  000032
1021903727600017200000260206200016896                         00000000400690891154000000000000000000000000060203112126/400690800000000400690891154061121000000000800023703109  000000000008200000000000000000000000000000000000000000000000000000000000000000000000000000000000000000000000000000000                          0000000000                                                                  000033
1021903727600017200000260206200016896                         00000000400705318529000000000000000000000000060203112126/400705300000000400705318529061121000000001500023704424  000000000008200000000000000000000000000000000000000000000000000000000000000000000000000000000000000000000000000000000                          0000000000                                                                  000034
1021903727600017200000260206200016896                         00000000400709009563000000000000000000000000060203112126/400709000000000400709009563061121000000001500023704143  000000000008200000000000000000000000000000000000000000000000000000000000000000000000000000000000000000000000000000000                          0000000000                                                                  000035
1021903727600017200000260206200016896                         0000000040071359327P000000000000000000000000060203112126/40071350000000040071359327P061121000000001500023704452  000000000008200000000000000000000000000000000000000000000000000000000000000000000000000000000000000000000000000000000                          0000000000                                                                  000036
1021903727600017200000260206200016896                         00000000400721736535000000000000000000000000060203112126/400721700000000400721736535051121000000001500023704143  000000000008200000000000000000000000000000000000000000000000000000000000000000000000000000000000000000000000000000000                          0000000000                                                                  000037
1021903727600017200000260206200016896                         00000000400741600109000000000000000000000000060203112126/400741600000000400741600109061121000000003080023700140  000000000008200000000000000000000000000000000000000000000000000000000000000000000000000000000000000000000000000000000                          0000000000                                                                  000038
1021903727600017200000260206200016896                         00000000400750248981000000000000000000000000060203112126/400750200000000400750248981061121000000000800023704422  000000000008200000000000000000000000000000000000000000000000000000000000000000000000000000000000000000000000000000000                          0000000000                                                                  000039
1021903727600017200000260206200016896                         00000000400773785003000000000000000000000000060203112126/400773700000000400773785003061121000000002000023704159  000000000008200000000000000000000000000000000000000000000000000000000000000000000000000000000000000000000000000000000                          0000000000                                                                  000040
1021903727600017200000260206200016896                         00000000400804677794000000000000000000000000060203112126/400804600000000400804677794061121000000000800023704159  000000000008200000000000000000000000000000000000000000000000000000000000000000000000000000000000000000000000000000000                          0000000000                                                                  000041
1021903727600017200000260206200016896                         00000000400813293052000000000000000000000000060203112126/400813200000000400813293052061121000000002150023704426  000000000008200000000000000000000000000000000000000000000000000000000000000000000000000000000000000000000000000000000                          0000000000                                                                  000042
1021903727600017200000260206200016896                         00000000400872705011000000000000000000000000060203112126/400872700000000400872705011061121000000002800023704143  000000000008200000000000000000000000000000000000000000000000000000000000000000000000000000000000000000000000000000000                          0000000000                                                                  000043
1021903727600017200000260206200016896                         00000000400874081457000000000000000000000000060203112126/400874000000000400874081457061121000000000800023704422  000000000008200000000000000000000000000000000000000000000000000000000000000000000000000000000000000000000000000000000                          0000000000                                                                  000044
1021903727600017200000260206200016896                         00000000400875688584000000000000000000000000060203112126/400875600000000400875688584061121000000003380023704143  000000000008200000000000000000000000000000000000000000000000000000000000000000000000000000000000000000000000000000000                          0000000000                                                                  000045
1021903727600017200000260206200016896                         00000000400880105783000000000000000000000000060203112126/400880100000000400880105783061121000000099000023704151  000000000008200000000000000000000000000000000000000000000000000000000000000000000000000000000000000000000000000000000                          7600000000                                                                  000046
1021903727600017200000260206200016896                         00000000400887906870000000000000000000000000060203112126/400887900000000400887906870061121000000001500023704452  000000000008200000000000000000000000000000000000000000000000000000000000000000000000000000000000000000000000000000000                          0000000000                                                                  000047
1021903727600017200000260206200016896                         00000000400943955049000000000000000000000000060203112126/400943900000000400943955049061121000000000800023704422  000000000008200000000000000000000000000000000000000000000000000000000000000000000000000000000000000000000000000000000                          0000000000                                                                  000048
1021903727600017200000260206200016896                         00000000600842316362000000000000000000000000060203112126/600842300000000600842316362051121000000001500023704143  000000000008200000000000000000000000000000000000000000000000000000000000000000000000000000000000000000000000000000000                          7600000000                                                                  000049
1021903727600017200000260206200016896                         00000000200246289740000000000000000000000000060603112126/200246200000000200246289740051121000000000737910403238  000000000000000000000000000000000000000000000000000000000000000000000000000000000000000737900000000000000000000000000   041121             00000000000000                                                                  000050
1021903727600017200000260206200016896                         00000000200762421167000000000000000000000000060603112126/200762400000000200762421167061121000000001703400100372  000000000000000000000000000000000000000000000000000000000000000000000000000000000000001703400000000000000000000000000   041121             00000000000000                                                                  000051
1021903727600017200000260206200016896                         00000000200983532362000000000000000000000000060603112126/200983500000000200983532362061121000000000303321200001  000000000000000000000000000000000000000000000000000000000000000000000000000000000000000303300000000000000000000000000   041121             00000000000000                                                                  000052
1021903727600017200000260206200016896                         00000000400063835478000000000000000000000000060603112126/400063800000000400063835478061121000000001500010403880  000000000000000000000000000000000000000000000000000000000000000000000000000000000000001500000000000000000000000000000   041121             00000000000000                                                                  000053
1021903727600017200000260206200016896                         00000000400114559454000000000000000000000000060603112126/400114500000000400114559454061121000000001700023702151  000000000000000000000000000000000000000000000000000000000000000000000000000000000000001700000000000000000000000000000   041121             00000000000000                                                                  000054
1021903727600017200000260206200016896                         00000000400135086963000000000000000000000000060603112126/400135000000000400135086963061121000000002500023701931  000000000000000000000000000000000000000000000000000000000000000000000000000000000000002500000000000000000000000000000   041121             00000000000000                                                                  000055
1021903727600017200000260206200016896                         00000000400195777450000000000000000000000000060603112126/400195700000000400195777450061121000000002000010400280  000000000000000000000000000000000000000000000000000000000000000000000000000000000000002000000000000000000000000000000   041121             00000000000000                                                                  000056
1021903727600017200000260206200016896                         00000000400215930455000000000000000000000000060603112126/400215900000000400215930455061121000000000800065500001  000000000000000000000000000000000000000000000000000000000000000000000000000000000000000800000000000000000000000000000   041121             00000000000000                                                                  000057
1021903727600017200000260206200016896                         00000000400271561292000000000000000000000000060603112126/400271500000000400271561292061121000000001500010403880  000000000000000000000000000000000000000000000000000000000000000000000000000000000000001500000000000000000000000000000   041121             00000000000000                                                                  000058
1021903727600017200000260206200016896                         00000000400337300320000000000000000000000000060603112126/400337300000000400337300320061121000000009500026000001  000000000000000000000000000000000000000000000000000000000000000000000000000000000000009500000000000000000000000000000   041121             00000000000000                                                                  000059
1021903727600017200000260206200016896                         00000000400368223111000000000000000000000000060603112126/400368200000000400368223111061121000000009500023703929  000000000000000000000000000000000000000000000000000000000000000000000000000000000000009500000000000000000000000000000   041121             00000000000000                                                                  000060
1021903727600017200000260206200016896                         00000000400390195571000000000000000000000000060603112126/400390100000000400390195571061121000000001500021200001  000000000000000000000000000000000000000000000000000000000000000000000000000000000000001500000000000000000000000000000   041121             00000000000000                                                                  000061
1021903727600017200000260206200016896                         00000000400454368165000000000000000000000000060603112126/400454300000000400454368165061121000000003500010401831  000000000000000000000000000000000000000000000000000000000000000000000000000000000000003500000000000000000000000000000   041121             00000000000000                                                                  000062
1021903727600017200000260206200016896                         00000000400455581873000000000000000000000000060603112126/400455500000000400455581873061121000000001900075604327  000000000000000000000000000000000000000000000000000000000000000000000000000000000000001900000000000000000000000000000   041121             00000000000000                                                                  000063
1021903727600017200000260206200016896                         00000000400470064249000000000000000000000000060603112126/400470000000000400470064249061121000000000800065500001  000000000000000000000000000000000000000000000000000000000000000000000000000000000000000800000000000000000000000000000   041121             00000000000000                                                                  000064
1021903727600017200000260206200016896                         00000000400491256385000000000000000000000000060603112126/400491200000000400491256385061121000000000800021200001  000000000000000000000000000000000000000000000000000000000000000000000000000000000000000800000000000000000000000000000   041121             00000000000000                                                                  000065
1021903727600017200000260206200016896                         00000000400576444083000000000000000000000000060603112126/400576400000000400576444083061121000000010000000100752  000000000000000000000000000000000000000000000000000000000000000000000000000000000000010000000000000000000000000000000   041121             00000000000000                                                                  000066
1021903727600017200000260206200016896                         00000000400607528930000000000000000000000000060603112126/400607500000000400607528930051121000000004000075604327  000000000000000000000000000000000000000000000000000000000000000000000000000000000000004000000000000000000000000000000   041121             00000000000000                                                                  000067
1021903727600017200000260206200016896                         00000000400646465350000000000000000000000000060603112126/400646400000000400646465350061121000000001500010402738  000000000000000000000000000000000000000000000000000000000000000000000000000000000000001500000000000000000000000000000   041121             00000000000000                                                                  000068
1021903727600017200000260206200016896                         00000000400690891154000000000000000000000000060603112126/400690800000000400690891154061121000000000800065500001  000000000000000000000000000000000000000000000000000000000000000000000000000000000000000800000000000000000000000000000   041121             00000000000000                                                                  000069
1021903727600017200000260206200016896                         00000000400705318529000000000000000000000000060603112126/400705300000000400705318529061121000000001500010403880  000000000000000000000000000000000000000000000000000000000000000000000000000000000000001500000000000000000000000000000   041121             00000000000000                                                                  000070
1021903727600017200000260206200016896                         00000000400709009563000000000000000000000000060603112126/400709000000000400709009563061121000000001500010404692  000000000000000000000000000000000000000000000000000000000000000000000000000000000000001500000000000000000000000000000   041121             00000000000000                                                                  000071
1021903727600017200000260206200016896                         00000000400741600109000000000000000000000000060603112126/400741600000000400741600109061121000000003080007000264  000000000000000000000000000000000000000000000000000000000000000000000000000000000000003080000000000000000000000000000   041121             00000000000000                                                                  000072
1021903727600017200000260206200016896                         00000000400750248981000000000000000000000000060603112126/400750200000000400750248981061121000000000800065500001  000000000000000000000000000000000000000000000000000000000000000000000000000000000000000800000000000000000000000000000   041121             00000000000000                                                                  000073
1021903727600017200000260206200016896                         00000000400773785003000000000000000000000000060603112126/400773700000000400773785003061121000000002000000100922  000000000000000000000000000000000000000000000000000000000000000000000000000000000000002000000000000000000000000000000   041121             00000000000000                                                                  000074
1021903727600017200000260206200016896                         00000000400804677794000000000000000000000000060603112126/400804600000000400804677794061121000000000800075604327  000000000000000000000000000000000000000000000000000000000000000000000000000000000000000800000000000000000000000000000   041121             00000000000000                                                                  000075
1021903727600017200000260206200016896                         0000000040081264305P000000000000000000000000060603112126/40081260000000040081264305P041121000000003000000100922  000000000000000000000000000000000000000000000000000000000000000000000000000000000000003000000000000000000000000000000   041121             00000000000000                                                                  000076
1021903727600017200000260206200016896                         00000000400813293052000000000000000000000000060603112126/400813200000000400813293052061121000000002150004100377  000000000000000000000000000000000000000000000000000000000000000000000000000000000000002150000000000000000000000000000   041121             00000000000000                                                                  000077
1021903727600017200000260206200016896                         00000000400874081457000000000000000000000000060603112126/400874000000000400874081457061121000000000800065500001  000000000000000000000000000000000000000000000000000000000000000000000000000000000000000800000000000000000000000000000   041121             00000000000000                                                                  000078
1021903727600017200000260206200016896                         00000000400875688584000000000000000000000000060603112126/400875600000000400875688584061121000000003380008501037  000000000000000000000000000000000000000000000000000000000000000000000000000000000000003380000000000000000000000000000   041121             00000000000000                                                                  000079
1021903727600017200000260206200016896                         00000000400880105783000000000000000000000000060603112126/400880100000000400880105783061121000000099000033600001  000000000000000000000000000000000000000000000000000000000000000000000000000000000000099000000000000000000000000000000   041121             00000000000000                                                                  000080
1021903727600017200000260206200016896                         00000000400887906870000000000000000000000000060603112126/400887900000000400887906870061121000000001500010403880  000000000000000000000000000000000000000000000000000000000000000000000000000000000000001500000000000000000000000000000   041121             00000000000000                                                                  000081
1021903727600017200000260206200016896                         00000000400893305986000000000000000000000000060603112126/400893300000000400893305986041121000000005180010401070  000000000000000000000000000000000000000000000000000000000000000000000000000000000000005180000000000000000000000000000   041121             00000000000000                                                                  000082
1021903727600017200000260206200016896                         00000000400943955049000000000000000000000000060603112126/400943900000000400943955049061121000000000800065500001  000000000000000000000000000000000000000000000000000000000000000000000000000000000000000800000000000000000000000000000   041121             00000000000000                                                                  000083
1021903727600017200000260206200016896                         00000000200535874317000000000000000000000000061003112126/200535800000000200535874317020921000000000049923700000  000000000000000000000000000000000000000000000000000000000000000000000000000000000000000000000000000000000000000000000                          1600000000                                                                  000084
1021903727600017200000260206200016896                         00000000200562793922000000000000000000000000061003112126/200562700000000200562793922030921000000000500023700000  000000000000000000000000000000000000000000000000000000000000000000000000000000000000000000000000000000000000000000000                          1600000000                                                                  000085
1021903727600017200000260206200016896                         00000000200615476924000000000000000000000000061003112126/200615400000000200615476924030921000000000305123700000  000000000000000000000000000000000000000000000000000000000000000000000000000000000000000000000000000000000000000000000                          1600000000                                                                  000086
1021903727600017200000260206200016896                         00000000200759976328000000000000000000000000061003112126/200759900000000200759976328020921000000000500023700000  000000000000000000000000000000000000000000000000000000000000000000000000000000000000000000000000000000000000000000000                          1600000000                                                                  000087
1021903727600017200000260206200016896                         00000000200942328378000000000000000000000000061003112126/200942300000000200942328378020921000000000109923700000  000000000000000000000000000000000000000000000000000000000000000000000000000000000000000000000000000000000000000000000                          1600000000                                                                  000088
1021903727600017200000260206200016896                         00000000400023453939000000000000000000000000061003112126/400023400000000400023453939030921000000000800023700000  000000000000000000000000000000000000000000000000000000000000000000000000000000000000000000000000000000000000000000000                          1600000000                                                                  000089
1021903727600017200000260206200016896                         00000000400026721136000000000000000000000000061003112126/400026700000000400026721136020921000000002000023700000  000000000000000000000000000000000000000000000000000000000000000000000000000000000000000000000000000000000000000000000                          1600000000                                                                  000090
1021903727600017200000260206200016896                         00000000400092142740000000000000000000000000061003112126/400092100000000400092142740030921000000002000023700000  000000000000000000000000000000000000000000000000000000000000000000000000000000000000000000000000000000000000000000000                          1600000000                                                                  000091
1021903727600017200000260206200016896                         00000000400102446883000000000000000000000000061003112126/400102400000000400102446883030921000000001500023700000  000000000000000000000000000000000000000000000000000000000000000000000000000000000000000000000000000000000000000000000                          1600000000                                                                  000092
1021903727600017200000260206200016896                         0000000040011305894P000000000000000000000000061003112126/40011300000000040011305894P020921000000002000023700000  000000000000000000000000000000000000000000000000000000000000000000000000000000000000000000000000000000000000000000000                          1600000000                                                                  000093
1021903727600017200000260206200016896                         0000000040012658473P000000000000000000000000061003112126/40012650000000040012658473P020921000000000800023700000  000000000000000000000000000000000000000000000000000000000000000000000000000000000000000000000000000000000000000000000                          1600000000                                                                  000094
1021903727600017200000260206200016896                         00000000400148379064000000000000000000000000061003112126/400148300000000400148379064020921000000001000023700000  000000000000000000000000000000000000000000000000000000000000000000000000000000000000000000000000000000000000000000000                          1600000000                                                                  000095
1021903727600017200000260206200016896                         00000000400179159747000000000000000000000000061003112126/400179100000000400179159747020921000000000800023700000  000000000000000000000000000000000000000000000000000000000000000000000000000000000000000000000000000000000000000000000                          1600000000                                                                  000096
1021903727600017200000260206200016896                         00000000400179208918000000000000000000000000061003112126/400179200000000400179208918030921000000012000023700000  000000000000000000000000000000000000000000000000000000000000000000000000000000000000000000000000000000000000000000000                          1600000000                                                                  000097
1021903727600017200000260206200016896                         00000000400191956970000000000000000000000000061003112126/400191900000000400191956970030921000000003500023700000  000000000000000000000000000000000000000000000000000000000000000000000000000000000000000000000000000000000000000000000                          1600000000                                                                  000098
1021903727600017200000260206200016896                         00000000400192611918000000000000000000000000061003112126/400192600000000400192611918020921000000000800023700000  000000000000000000000000000000000000000000000000000000000000000000000000000000000000000000000000000000000000000000000                          1600000000                                                                  000099
1021903727600017200000260206200016896                         00000000400192922174000000000000000000000000061003112126/400192900000000400192922174030921000000000800023700000  000000000000000000000000000000000000000000000000000000000000000000000000000000000000000000000000000000000000000000000                          1600000000                                                                  000100
1021903727600017200000260206200016896                         00000000400197594388000000000000000000000000061003112126/400197500000000400197594388030921000000000800023700000  000000000000000000000000000000000000000000000000000000000000000000000000000000000000000000000000000000000000000000000                          1600000000                                                                  000101
1021903727600017200000260206200016896                         00000000400203948286000000000000000000000000061003112126/400203900000000400203948286030921000000005000023700000  000000000000000000000000000000000000000000000000000000000000000000000000000000000000000000000000000000000000000000000                          1600000000                                                                  000102
1021903727600017200000260206200016896                         00000000400215913437000000000000000000000000061003112126/400215900000000400215913437030921000000001500023700000  000000000000000000000000000000000000000000000000000000000000000000000000000000000000000000000000000000000000000000000                          1600000000                                                                  000103
1021903727600017200000260206200016896                         00000000400219966845000000000000000000000000061003112126/400219900000000400219966845030921000000002000023700000  000000000000000000000000000000000000000000000000000000000000000000000000000000000000000000000000000000000000000000000                          1600000000                                                                  000104
1021903727600017200000260206200016896                         00000000400241765314000000000000000000000000061003112126/400241700000000400241765314030921000000001900023700000  000000000000000000000000000000000000000000000000000000000000000000000000000000000000000000000000000000000000000000000                          1600000000                                                                  000105
1021903727600017200000260206200016896                         00000000400254967951000000000000000000000000061003112126/400254900000000400254967951020921000000001000023700000  000000000000000000000000000000000000000000000000000000000000000000000000000000000000000000000000000000000000000000000                          1600000000                                                                  000106
1021903727600017200000260206200016896                         00000000400261665596000000000000000000000000061003112126/400261600000000400261665596030921000000000800023700000  000000000000000000000000000000000000000000000000000000000000000000000000000000000000000000000000000000000000000000000                          1600000000                                                                  000107
1021903727600017200000260206200016896                         00000000400271756441000000000000000000000000061003112126/400271700000000400271756441020921000000000800023700000  000000000000000000000000000000000000000000000000000000000000000000000000000000000000000000000000000000000000000000000                          1600000000                                                                  000108
1021903727600017200000260206200016896                         00000000400282647261000000000000000000000000061003112126/400282600000000400282647261020921000000000800023700000  000000000000000000000000000000000000000000000000000000000000000000000000000000000000000000000000000000000000000000000                          1600000000                                                                  000109
1021903727600017200000260206200016896                         00000000400299173182000000000000000000000000061003112126/400299100000000400299173182030921000000000800023700000  000000000000000000000000000000000000000000000000000000000000000000000000000000000000000000000000000000000000000000000                          1600000000                                                                  000110
1021903727600017200000260206200016896                         0000000040029961457P000000000000000000000000061003112126/40029960000000040029961457P030921000000000800023700000  000000000000000000000000000000000000000000000000000000000000000000000000000000000000000000000000000000000000000000000                          1600000000                                                                  000111
1021903727600017200000260206200016896                         00000000400308692120000000000000000000000000061003112126/400308600000000400308692120020921000000004000023700000  000000000000000000000000000000000000000000000000000000000000000000000000000000000000000000000000000000000000000000000                          1600000000                                                                  000112
1021903727600017200000260206200016896                         00000000400362085752000000000000000000000000061003112126/400362000000000400362085752020921000000000810023700000  000000000000000000000000000000000000000000000000000000000000000000000000000000000000000000000000000000000000000000000                          1600000000                                                                  000113
1021903727600017200000260206200016896                         00000000400382134237000000000000000000000000061003112126/400382100000000400382134237020921000000001500023700000  000000000000000000000000000000000000000000000000000000000000000000000000000000000000000000000000000000000000000000000                          1600000000                                                                  000114
1021903727600017200000260206200016896                         00000000400395182540000000000000000000000000061003112126/400395100000000400395182540020921000000000800023700000  000000000000000000000000000000000000000000000000000000000000000000000000000000000000000000000000000000000000000000000                          1600000000                                                                  000115
1021903727600017200000260206200016896                         0000000040042417918P000000000000000000000000061003112126/40042410000000040042417918P020921000000002660023700000  000000000000000000000000000000000000000000000000000000000000000000000000000000000000000000000000000000000000000000000                          1600000000                                                                  000116
1021903727600017200000260206200016896                         00000000400467076414000000000000000000000000061003112126/400467000000000400467076414030921000000001000023700000  000000000000000000000000000000000000000000000000000000000000000000000000000000000000000000000000000000000000000000000                          1600000000                                                                  000117
1021903727600017200000260206200016896                         00000000400478853722000000000000000000000000061003112126/400478800000000400478853722020921000000000800023700000  000000000000000000000000000000000000000000000000000000000000000000000000000000000000000000000000000000000000000000000                          1600000000                                                                  000118
1021903727600017200000260206200016896                         00000000400506009541000000000000000000000000061003112126/400506000000000400506009541030921000000000800023700000  000000000000000000000000000000000000000000000000000000000000000000000000000000000000000000000000000000000000000000000                          1600000000                                                                  000119
1021903727600017200000260206200016896                         00000000400518694029000000000000000000000000061003112126/400518600000000400518694029030921000000001000023700000  000000000000000000000000000000000000000000000000000000000000000000000000000000000000000000000000000000000000000000000                          1600000000                                                                  000120
1021903727600017200000260206200016896                         00000000400519946226000000000000000000000000061003112126/400519900000000400519946226030921000000004500023700000  000000000000000000000000000000000000000000000000000000000000000000000000000000000000000000000000000000000000000000000                          1600000000                                                                  000121
1021903727600017200000260206200016896                         0000000040056456671P000000000000000000000000061003112126/40056450000000040056456671P030921000000002000023700000  000000000000000000000000000000000000000000000000000000000000000000000000000000000000000000000000000000000000000000000                          1600000000                                                                  000122
1021903727600017200000260206200016896                         00000000400580916119000000000000000000000000061003112126/400580900000000400580916119030921000000000800023700000  000000000000000000000000000000000000000000000000000000000000000000000000000000000000000000000000000000000000000000000                          1600000000                                                                  000123
1021903727600017200000260206200016896                         00000000400586624454000000000000000000000000061003112126/400586600000000400586624454030921000000001200023700000  000000000000000000000000000000000000000000000000000000000000000000000000000000000000000000000000000000000000000000000                          1600000000                                                                  000124
1021903727600017200000260206200016896                         00000000400596418429000000000000000000000000061003112126/400596400000000400596418429020921000000000800023700000  000000000000000000000000000000000000000000000000000000000000000000000000000000000000000000000000000000000000000000000                          1600000000                                                                  000125
1021903727600017200000260206200016896                         00000000400614488456000000000000000000000000061003112126/400614400000000400614488456020921000000002660023700000  000000000000000000000000000000000000000000000000000000000000000000000000000000000000000000000000000000000000000000000                          1600000000                                                                  000126
1021903727600017200000260206200016896                         00000000400668793297000000000000000000000000061003112126/400668700000000400668793297030921000000001000023700000  000000000000000000000000000000000000000000000000000000000000000000000000000000000000000000000000000000000000000000000                          1600000000                                                                  000127
1021903727600017200000260206200016896                         00000000400677846948000000000000000000000000061003112126/400677800000000400677846948030921000000000800023700000  000000000000000000000000000000000000000000000000000000000000000000000000000000000000000000000000000000000000000000000                          1600000000                                                                  000128
1021903727600017200000260206200016896                         00000000400690881256000000000000000000000000061003112126/400690800000000400690881256020921000000012000023700000  000000000000000000000000000000000000000000000000000000000000000000000000000000000000000000000000000000000000000000000                          1600000000                                                                  000129
1021903727600017200000260206200016896                         00000000400702917081000000000000000000000000061003112126/400702900000000400702917081030921000000001500023700000  000000000000000000000000000000000000000000000000000000000000000000000000000000000000000000000000000000000000000000000                          1600000000                                                                  000130
1021903727600017200000260206200016896                         00000000400794287364000000000000000000000000061003112126/400794200000000400794287364030921000000057000023700000  000000000000000000000000000000000000000000000000000000000000000000000000000000000000000000000000000000000000000000000                          1600000000                                                                  000131
1021903727600017200000260206200016896                         00000000400819031726000000000000000000000000061003112126/400819000000000400819031726020921000000250000023700000  000000000000000000000000000000000000000000000000000000000000000000000000000000000000000000000000000000000000000000000                          1600000000                                                                  000132
1021903727600017200000260206200016896                         00000000400825752605000000000000000000000000061003112126/400825700000000400825752605020921000000002000023700000  000000000000000000000000000000000000000000000000000000000000000000000000000000000000000000000000000000000000000000000                          1600000000                                                                  000133
1021903727600017200000260206200016896                         00000000400847072616000000000000000000000000061003112126/400847000000000400847072616020921000000001000023700000  000000000000000000000000000000000000000000000000000000000000000000000000000000000000000000000000000000000000000000000                          1600000000                                                                  000134
1021903727600017200000260206200016896                         00000000400848922524000000000000000000000000061003112126/400848900000000400848922524030921000000000800023700000  000000000000000000000000000000000000000000000000000000000000000000000000000000000000000000000000000000000000000000000                          1600000000                                                                  000135
1021903727600017200000260206200016896                         00000000400887935358000000000000000000000000061003112126/400887900000000400887935358030921000000004500023700000  000000000000000000000000000000000000000000000000000000000000000000000000000000000000000000000000000000000000000000000                          1600000000                                                                  000136
1021903727600017200000260206200016896                         00000000400888456003000000000000000000000000061003112126/400888400000000400888456003020921000000004000023700000  000000000000000000000000000000000000000000000000000000000000000000000000000000000000000000000000000000000000000000000                          1600000000                                                                  000137
1021903727600017200000260206200016896                         00000000400905625434000000000000000000000000061003112126/400905600000000400905625434030921000000001500023700000  000000000000000000000000000000000000000000000000000000000000000000000000000000000000000000000000000000000000000000000                          1600000000                                                                  000138
1021903727600017200000260206200016896                         00000000400916109179000000000000000000000000061003112126/400916100000000400916109179020921000000001110023700000  000000000000000000000000000000000000000000000000000000000000000000000000000000000000000000000000000000000000000000000                          1600000000                                                                  000139
1021903727600017200000260206200016896                         00000000400930055979000000000000000000000000061003112126/400930000000000400930055979030921000000000800023700000  000000000000000000000000000000000000000000000000000000000000000000000000000000000000000000000000000000000000000000000                          1600000000                                                                  000140
1021903727600017200000260206200016896                         00000000400989889776000000000000000000000000061003112126/400989800000000400989889776020921000000001400023700000  000000000000000000000000000000000000000000000000000000000000000000000000000000000000000000000000000000000000000000000                          1600000000                                                                  000141
1021903727600017200000260206200016896                         00000000600078455956000000000000000000000000061003112126/600078400000000600078455956030921000000000319923700000  000000000000000000000000000000000000000000000000000000000000000000000000000000000000000000000000000000000000000000000                          1600000000                                                                  000142
1021903727600017200000260206200016896                         00000000600210655730000000000000000000000000061003112126/600210600000000600210655730020921000000000319923700000  000000000000000000000000000000000000000000000000000000000000000000000000000000000000000000000000000000000000000000000                          1600000000                                                                  000143
1021903727600017200000260206200016896                         0000000060043929734P000000000000000000000000061003112126/60043920000000060043929734P030921000000000119923700000  000000000000000000000000000000000000000000000000000000000000000000000000000000000000000000000000000000000000000000000                          1600000000                                                                  000144
1021903727600017200000260206200016896                         00000000600508807096000000000000000000000000061003112126/600508800000000600508807096030921000000000269923700000  000000000000000000000000000000000000000000000000000000000000000000000000000000000000000000000000000000000000000000000                          1600000000                                                                  000145
1021903727600017200000260206200016896                         0000000060078014604P000000000000000000000000061003112126/60078010000000060078014604P020921000000000319923700000  000000000000000000000000000000000000000000000000000000000000000000000000000000000000000000000000000000000000000000000                          1600000000                                                                  000146
1021903727600017200000260206200016896                         00000000600862932833000000000000000000000000061003112126/600862900000000600862932833020921000000001370023700000  000000000000000000000000000000000000000000000000000000000000000000000000000000000000000000000000000000000000000000000                          1600000000                                                                  000147
9201237          000003870000000901717800000800          00048000002119271000001820346000340000018203460006400000413124400000000000000000000000000000000000000000000000000000000000000000000                                                                                                                                                                              00000000000000000000000         000148
