02RETORNO01COBRANCA       00000000000005034448E-PREPAG ADMINISTRADORA DE CAR237BRADESCO       0301220160000000841                                                                                                                                                                                                                                                                          040122         000001
1021903727600017200000260206200016896                         00000000100032368541000000000000000000000000060203012226/100032300000000100032368541040122000000001530023704151  000000000008200000000000000000000000000000000000000000000000000000000000000000000000000000000000000000000000000000000                          0000000000                                                                  000002
1021903727600017200000260206200016896                         00000000100032395727000000000000000000000000060203012226/100032300000000100032395727040122000000000294023704151  000000000008200000000000000000000000000000000000000000000000000000000000000000000000000000000000000000000000000000000                          0000000000                                                                  000003
1021903727600017200000260206200016896                         00000000100032396596000000000000000000000000060203012226/100032300000000100032396596040122000000019002923704602  000000000008200000000000000000000000000000000000000000000000000000000000000000000000000000000000000000000000000000000                          0000000000                                                                  000004
1021903727600017200000260206200016896                         00000000100032430999000000000000000000000000060203012226/100032400000000100032430999040122000000011368123704159  000000000008200000000000000000000000000000000000000000000000000000000000000000000000000000000000000000000000000000000                          0000000000                                                                  000005
1021903727600017200000260206200016896                         00000000200166679076000000000000000000000000060203012226/200166600000000200166679076040122000000000269923703162  000000000008200000000000000000000000000000000000000000000000000000000000000000000000000000000000000000000000000000000                          0000000000                                                                  000006
1021903727600017200000260206200016896                         00000000200171074344000000000000000000000000060203012226/200171000000000200171074344050122000000001673323704159  000000000008200000000000000000000000000000000000000000000000000000000000000000000000000000000000000000000000000000000                          0000000000                                                                  000007
1021903727600017200000260206200016896                         00000000200230310898000000000000000000000000060203012226/200230300000000200230310898030122000000000269923700320  000000000008200000000000000000000000000000000000000000000000000000000000000000000000000000000000000000000000000000000                          0000000000                                                                  000008
1021903727600017200000260206200016896                         00000000200337080801000000000000000000000000060203012226/200337000000000200337080801060122000000001113723704400  000000000008200000000000000000000000000000000000000000000000000000000000000000000000000000000000000000000000000000000                          7600000000                                                                  000009
1021903727600017200000260206200016896                         00000000200416816139000000000000000000000000060203012226/200416800000000200416816139050122000000000455123704452  000000000008200000000000000000000000000000000000000000000000000000000000000000000000000000000000000000000000000000000                          0000000000                                                                  000010
1021903727600017200000260206200016896                         00000000200453488338000000000000000000000000060203012226/200453400000000200453488338060122000000000079923704159  000000000008200000000000000000000000000000000000000000000000000000000000000000000000000000000000000000000000000000000                          0000000000                                                                  000011
1021903727600017200000260206200016896                         00000000200660057177000000000000000000000000060203012226/200660000000000200660057177050122000000000119923704157  000000000008200000000000000000000000000000000000000000000000000000000000000000000000000000000000000000000000000000000                          7600000000                                                                  000012
1021903727600017200000260206200016896                         00000000200740170357000000000000000000000000060203012226/200740100000000200740170357050122000000000079923704159  000000000008200000000000000000000000000000000000000000000000000000000000000000000000000000000000000000000000000000000                          0000000000                                                                  000013
1021903727600017200000260206200016896                         00000000200748381373000000000000000000000000060203012226/200748300000000200748381373050122000000001004323704452  000000000008200000000000000000000000000000000000000000000000000000000000000000000000000000000000000000000000000000000                          0000000000                                                                  000014
1021903727600017200000260206200016896                         00000000200761463605000000000000000000000000060203012226/200761400000000200761463605060122000000001002323704426  000000000008200000000000000000000000000000000000000000000000000000000000000000000000000000000000000000000000000000000                          0000000000                                                                  000015
1021903727600017200000260206200016896                         0000000020085273184P000000000000000000000000060203012226/20085270000000020085273184P040122000000001113823704422  000000000008200000000000000000000000000000000000000000000000000000000000000000000000000000000000000000000000000000000                          0000000000                                                                  000016
1021903727600017200000260206200016896                         00000000200864499543000000000000000000000000060203012226/200864400000000200864499543050122000000001004323704151  000000000008200000000000000000000000000000000000000000000000000000000000000000000000000000000000000000000000000000000                          0000000000                                                                  000017
1021903727600017200000260206200016896                         00000000200908984517000000000000000000000000060203012226/200908900000000200908984517060122000000001002323704159  000000000008200000000000000000000000000000000000000000000000000000000000000000000000000000000000000000000000000000000                          0000000000                                                                  000018
1021903727600017200000260206200016896                         00000000400101436701000000000000000000000000060203012226/400101400000000400101436701060122000000000800023704159  000000000008200000000000000000000000000000000000000000000000000000000000000000000000000000000000000000000000000000000                          0000000000                                                                  000019
1021903727600017200000260206200016896                         00000000400112225060000000000000000000000000060203012226/400112200000000400112225060030122000000012000023704147  000000000008200000000000000000000000000000000000000000000000000000000000000000000000000000000000000000000000000000000                          7600000000                                                                  000020
1021903727600017200000260206200016896                         00000000400124084403000000000000000000000000060203012226/400124000000000400124084403060122000000001640023704143  000000000008200000000000000000000000000000000000000000000000000000000000000000000000000000000000000000000000000000000                          7600000000                                                                  000021
1021903727600017200000260206200016896                         00000000400125997526000000000000000000000000060203012226/400125900000000400125997526060122000000150000023704428  000000000008200000000000000000000000000000000000000000000000000000000000000000000000000000000000000000000000000000000                          7600000000                                                                  000022
1021903727600017200000260206200016896                         00000000400139662934000000000000000000000000060203012226/400139600000000400139662934030122000000000800023704602  000000000008200000000000000000000000000000000000000000000000000000000000000000000000000000000000000000000000000000000                          7600000000                                                                  000023
1021903727600017200000260206200016896                         0000000040016584501P000000000000000000000000060203012226/40016580000000040016584501P060122000000000800023704159  000000000008200000000000000000000000000000000000000000000000000000000000000000000000000000000000000000000000000000000                          0000000000                                                                  000024
1021903727600017200000260206200016896                         00000000400192363035000000000000000000000000060203012226/400192300000000400192363035030122000000003100023704158  000000000008200000000000000000000000000000000000000000000000000000000000000000000000000000000000000000000000000000000                          0000000000                                                                  000025
1021903727600017200000260206200016896                         00000000400201964497000000000000000000000000060203012226/400201900000000400201964497060122000000000800023704159  000000000008200000000000000000000000000000000000000000000000000000000000000000000000000000000000000000000000000000000                          0000000000                                                                  000026
1021903727600017200000260206200016896                         00000000400219266444000000000000000000000000060203012226/400219200000000400219266444060122000000000800023704422  000000000008200000000000000000000000000000000000000000000000000000000000000000000000000000000000000000000000000000000                          0000000000                                                                  000027
1021903727600017200000260206200016896                         00000000400225486898000000000000000000000000060203012226/400225400000000400225486898060122000000001500023704426  000000000008200000000000000000000000000000000000000000000000000000000000000000000000000000000000000000000000000000000                          0000000000                                                                  000028
1021903727600017200000260206200016896                         00000000400233305800000000000000000000000000060203012226/400233300000000400233305800030122000000000800023704602  000000000008200000000000000000000000000000000000000000000000000000000000000000000000000000000000000000000000000000000                          7600000000                                                                  000029
1021903727600017200000260206200016896                         00000000400246713487000000000000000000000000060203012226/400246700000000400246713487060122000000000800023704422  000000000008200000000000000000000000000000000000000000000000000000000000000000000000000000000000000000000000000000000                          0000000000                                                                  000030
1021903727600017200000260206200016896                         00000000400267410972000000000000000000000000060203012226/400267400000000400267410972060122000000003800023704159  000000000008200000000000000000000000000000000000000000000000000000000000000000000000000000000000000000000000000000000                          0000000000                                                                  000031
1021903727600017200000260206200016896                         00000000400281030708000000000000000000000000060203012226/400281000000000400281030708060122000000000800023704159  000000000008200000000000000000000000000000000000000000000000000000000000000000000000000000000000000000000000000000000                          0000000000                                                                  000032
1021903727600017200000260206200016896                         00000000400331272341000000000000000000000000060203012226/400331200000000400331272341060122000000000800023704426  000000000008200000000000000000000000000000000000000000000000000000000000000000000000000000000000000000000000000000000                          0000000000                                                                  000033
1021903727600017200000260206200016896                         00000000400358224772000000000000000000000000060203012226/400358200000000400358224772060122000000012000023704154  000000000008200000000000000000000000000000000000000000000000000000000000000000000000000000000000000000000000000000000                          0000000000                                                                  000034
1021903727600017200000260206200016896                         00000000400373781653000000000000000000000000060203012226/400373700000000400373781653060122000000012000023704152  000000000008200000000000000000000000000000000000000000000000000000000000000000000000000000000000000000000000000000000                          0000000000                                                                  000035
1021903727600017200000260206200016896                         00000000400400168012000000000000000000000000060203012226/400400100000000400400168012060122000000000800023704422  000000000008200000000000000000000000000000000000000000000000000000000000000000000000000000000000000000000000000000000                          0000000000                                                                  000036
1021903727600017200000260206200016896                         00000000400406209799000000000000000000000000060203012226/400406200000000400406209799060122000000001000023704400  000000000008200000000000000000000000000000000000000000000000000000000000000000000000000000000000000000000000000000000                          0000000000                                                                  000037
1021903727600017200000260206200016896                         00000000400423148930000000000000000000000000060203012226/400423100000000400423148930060122000000008000023704157  000000000008200000000000000000000000000000000000000000000000000000000000000000000000000000000000000000000000000000000                          0000000000                                                                  000038
1021903727600017200000260206200016896                         00000000400479700245000000000000000000000000060203012226/400479700000000400479700245060122000000000800023704422  000000000008200000000000000000000000000000000000000000000000000000000000000000000000000000000000000000000000000000000                          0000000000                                                                  000039
1021903727600017200000260206200016896                         00000000400490351066000000000000000000000000060203012226/400490300000000400490351066060122000000001200023704152  000000000008200000000000000000000000000000000000000000000000000000000000000000000000000000000000000000000000000000000                          0000000000                                                                  000040
1021903727600017200000260206200016896                         00000000400494465511000000000000000000000000060203012226/400494400000000400494465511040122000000002000023704159  000000000008200000000000000000000000000000000000000000000000000000000000000000000000000000000000000000000000000000000                          0000000000                                                                  000041
1021903727600017200000260206200016896                         00000000400501378883000000000000000000000000060203012226/400501300000000400501378883060122000000000800023704159  000000000008200000000000000000000000000000000000000000000000000000000000000000000000000000000000000000000000000000000                          0000000000                                                                  000042
1021903727600017200000260206200016896                         00000000400505416364000000000000000000000000060203012226/400505400000000400505416364060122000000000800023704159  000000000008200000000000000000000000000000000000000000000000000000000000000000000000000000000000000000000000000000000                          0000000000                                                                  000043
1021903727600017200000260206200016896                         00000000400521466959000000000000000000000000060203012226/400521400000000400521466959060122000000000800023704159  000000000008200000000000000000000000000000000000000000000000000000000000000000000000000000000000000000000000000000000                          0000000000                                                                  000044
1021903727600017200000260206200016896                         00000000400528777550000000000000000000000000060203012226/400528700000000400528777550060122000000000800023704422  000000000008200000000000000000000000000000000000000000000000000000000000000000000000000000000000000000000000000000000                          0000000000                                                                  000045
1021903727600017200000260206200016896                         00000000400535021577000000000000000000000000060203012226/400535000000000400535021577060122000000003500023700140  000000000008200000000000000000000000000000000000000000000000000000000000000000000000000000000000000000000000000000000                          0000000000                                                                  000046
1021903727600017200000260206200016896                         00000000400541363498000000000000000000000000060203012226/400541300000000400541363498060122000000000800023704158  000000000008200000000000000000000000000000000000000000000000000000000000000000000000000000000000000000000000000000000                          0000000000                                                                  000047
1021903727600017200000260206200016896                         00000000400559034637000000000000000000000000060203012226/400559000000000400559034637060122000000000800023704159  000000000008200000000000000000000000000000000000000000000000000000000000000000000000000000000000000000000000000000000                          0000000000                                                                  000048
1021903727600017200000260206200016896                         00000000400561595964000000000000000000000000060203012226/400561500000000400561595964060122000000000800023704452  000000000008200000000000000000000000000000000000000000000000000000000000000000000000000000000000000000000000000000000                          0000000000                                                                  000049
1021903727600017200000260206200016896                         00000000400641909145000000000000000000000000060203012226/400641900000000400641909145030122000000000820023704602  000000000008200000000000000000000000000000000000000000000000000000000000000000000000000000000000000000000000000000000                          7600000000                                                                  000050
1021903727600017200000260206200016896                         00000000400678041692000000000000000000000000060203012226/400678000000000400678041692060122000000000800023704159  000000000008200000000000000000000000000000000000000000000000000000000000000000000000000000000000000000000000000000000                          0000000000                                                                  000051
1021903727600017200000260206200016896                         00000000400694195632000000000000000000000000060203012226/400694100000000400694195632060122000000004000023704151  000000000008200000000000000000000000000000000000000000000000000000000000000000000000000000000000000000000000000000000                          0000000000                                                                  000052
1021903727600017200000260206200016896                         00000000400721024446000000000000000000000000060203012226/400721000000000400721024446060122000000000800023704452  000000000008200000000000000000000000000000000000000000000000000000000000000000000000000000000000000000000000000000000                          0000000000                                                                  000053
1021903727600017200000260206200016896                         0000000040073983089P000000000000000000000000060203012226/40073980000000040073983089P060122000000000800023704159  000000000008200000000000000000000000000000000000000000000000000000000000000000000000000000000000000000000000000000000                          0000000000                                                                  000054
1021903727600017200000260206200016896                         00000000400743869962000000000000000000000000060203012226/400743800000000400743869962030122000000001000023704422  000000000008200000000000000000000000000000000000000000000000000000000000000000000000000000000000000000000000000000000                          0000000000                                                                  000055
1021903727600017200000260206200016896                         00000000400747108435000000000000000000000000060203012226/400747100000000400747108435060122000000000800023704422  000000000008200000000000000000000000000000000000000000000000000000000000000000000000000000000000000000000000000000000                          0000000000                                                                  000056
1021903727600017200000260206200016896                         00000000400808668870000000000000000000000000060203012226/400808600000000400808668870060122000000001490023703109  000000000008200000000000000000000000000000000000000000000000000000000000000000000000000000000000000000000000000000000                          0000000000                                                                  000057
1021903727600017200000260206200016896                         00000000400828065560000000000000000000000000060203012226/400828000000000400828065560030122000000000810023704602  000000000008200000000000000000000000000000000000000000000000000000000000000000000000000000000000000000000000000000000                          7600000000                                                                  000058
1021903727600017200000260206200016896                         00000000400836164551000000000000000000000000060203012226/400836100000000400836164551060122000000000800023704422  000000000008200000000000000000000000000000000000000000000000000000000000000000000000000000000000000000000000000000000                          0000000000                                                                  000059
1021903727600017200000260206200016896                         00000000400861950898000000000000000000000000060203012226/400861900000000400861950898060122000000003000023704144  000000000008200000000000000000000000000000000000000000000000000000000000000000000000000000000000000000000000000000000                          0000000000                                                                  000060
1021903727600017200000260206200016896                         00000000400869429984000000000000000000000000060203012226/400869400000000400869429984060122000000008000023704159  000000000008200000000000000000000000000000000000000000000000000000000000000000000000000000000000000000000000000000000                          0000000000                                                                  000061
1021903727600017200000260206200016896                         00000000400885104165000000000000000000000000060203012226/400885100000000400885104165030122000000003990023700153  000000000008200000000000000000000000000000000000000000000000000000000000000000000000000000000000000000000000000000000                          0000000000                                                                  000062
1021903727600017200000260206200016896                         00000000400896138630000000000000000000000000060203012226/400896100000000400896138630060122000000000800023704159  000000000008200000000000000000000000000000000000000000000000000000000000000000000000000000000000000000000000000000000                          0000000000                                                                  000063
1021903727600017200000260206200016896                         00000000400901576625000000000000000000000000060203012226/400901500000000400901576625060122000000000800023704159  000000000008200000000000000000000000000000000000000000000000000000000000000000000000000000000000000000000000000000000                          0000000000                                                                  000064
1021903727600017200000260206200016896                         00000000400932981005000000000000000000000000060203012226/400932900000000400932981005060122000000000800023704159  000000000008200000000000000000000000000000000000000000000000000000000000000000000000000000000000000000000000000000000                          0000000000                                                                  000065
1021903727600017200000260206200016896                         00000000400939029296000000000000000000000000060203012226/400939000000000400939029296060122000000000800023704159  000000000008200000000000000000000000000000000000000000000000000000000000000000000000000000000000000000000000000000000                          0000000000                                                                  000066
1021903727600017200000260206200016896                         00000000400996456214000000000000000000000000060203012226/400996400000000400996456214060122000000000800023704159  000000000008200000000000000000000000000000000000000000000000000000000000000000000000000000000000000000000000000000000                          0000000000                                                                  000067
1021903727600017200000260206200016896                         00000000600264488554000000000000000000000000060203012226/600264400000000600264488554030122000000000069923704151  000000000008200000000000000000000000000000000000000000000000000000000000000000000000000000000000000000000000000000000                          0000000000                                                                  000068
1021903727600017200000260206200016896                         00000000600447697101000000000000000000000000060203012226/600447600000000600447697101060122000000001500023704159  000000000008200000000000000000000000000000000000000000000000000000000000000000000000000000000000000000000000000000000                          0000000000                                                                  000069
1021903727600017200000260206200016896                         00000000100032395727000000000000000000000000060603012226/100032300000000100032395727040122000000000294026000001  000000000000000000000000000000000000000000000000000000000000000000000000000000000000000294000000000000000000000000000   040122             00000000000000                                                                  000070
1021903727600017200000260206200016896                         00000000100032396596000000000000000000000000060603012226/100032300000000100032396596040122000000019002910401538  000000000000000000000000000000000000000000000000000000000000000000000000000000000000019002900000000000000000000000000   040122             00000000000000                                                                  000071
1021903727600017200000260206200016896                         00000000200453488338000000000000000000000000060603012226/200453400000000200453488338060122000000000079934102525  000000000000000000000000000000000000000000000000000000000000000000000000000000000000000079900000000000000000000000000   040122             00000000000000                                                                  000072
1021903727600017200000260206200016896                         00000000200908984517000000000000000000000000060603012226/200908900000000200908984517060122000000001002300100821  000000000000000000000000000000000000000000000000000000000000000000000000000000000000001002300000000000000000000000000   040122             00000000000000                                                                  000073
1021903727600017200000260206200016896                         00000000400101436701000000000000000000000000060603012226/400101400000000400101436701060122000000000800065500001  000000000000000000000000000000000000000000000000000000000000000000000000000000000000000800000000000000000000000000000   040122             00000000000000                                                                  000074
1021903727600017200000260206200016896                         00000000400112225060000000000000000000000000060603012226/400112200000000400112225060030122000000012000074808142  000000000000000000000000000000000000000000000000000000000000000000000000000000000000012000000000000000000000000000000   040122             00000000000000                                                                  000075
1021903727600017200000260206200016896                         00000000400124084403000000000000000000000000060603012226/400124000000000400124084403060122000000001640023702151  000000000000000000000000000000000000000000000000000000000000000000000000000000000000001640000000000000000000000000000   040122             00000000000000                                                                  000076
1021903727600017200000260206200016896                         00000000400125997526000000000000000000000000060603012226/400125900000000400125997526060122000000150000000103478  000000000000000000000000000000000000000000000000000000000000000000000000000000000000150000000000000000000000000000000   040122             00000000000000                                                                  000077
1021903727600017200000260206200016896                         0000000040016584501P000000000000000000000000060603012226/40016580000000040016584501P060122000000000800065500001  000000000000000000000000000000000000000000000000000000000000000000000000000000000000000800000000000000000000000000000   040122             00000000000000                                                                  000078
1021903727600017200000260206200016896                         00000000400192363035000000000000000000000000060603012226/400192300000000400192363035030122000000003100010400422  000000000000000000000000000000000000000000000000000000000000000000000000000000000000003100000000000000000000000000000   040122             00000000000000                                                                  000079
1021903727600017200000260206200016896                         00000000400201964497000000000000000000000000060603012226/400201900000000400201964497060122000000000800065500001  000000000000000000000000000000000000000000000000000000000000000000000000000000000000000800000000000000000000000000000   040122             00000000000000                                                                  000080
1021903727600017200000260206200016896                         00000000400219266444000000000000000000000000060603012226/400219200000000400219266444060122000000000800065500001  000000000000000000000000000000000000000000000000000000000000000000000000000000000000000800000000000000000000000000000   040122             00000000000000                                                                  000081
1021903727600017200000260206200016896                         00000000400225486898000000000000000000000000060603012226/400225400000000400225486898060122000000001500004100377  000000000000000000000000000000000000000000000000000000000000000000000000000000000000001500000000000000000000000000000   040122             00000000000000                                                                  000082
1021903727600017200000260206200016896                         00000000400233305800000000000000000000000000060603012226/400233300000000400233305800030122000000000800075600259  000000000000000000000000000000000000000000000000000000000000000000000000000000000000000800000000000000000000000000000   040122             00000000000000                                                                  000083
1021903727600017200000260206200016896                         00000000400246713487000000000000000000000000060603012226/400246700000000400246713487060122000000000800065500001  000000000000000000000000000000000000000000000000000000000000000000000000000000000000000800000000000000000000000000000   040122             00000000000000                                                                  000084
1021903727600017200000260206200016896                         00000000400267410972000000000000000000000000060603012226/400267400000000400267410972060122000000003800075604327  000000000000000000000000000000000000000000000000000000000000000000000000000000000000003800000000000000000000000000000   040122             00000000000000                                                                  000085
1021903727600017200000260206200016896                         00000000400281030708000000000000000000000000060603012226/400281000000000400281030708060122000000000800065500001  000000000000000000000000000000000000000000000000000000000000000000000000000000000000000800000000000000000000000000000   040122             00000000000000                                                                  000086
1021903727600017200000260206200016896                         00000000400373781653000000000000000000000000060603012226/400373700000000400373781653060122000000012000007700001  000000000000000000000000000000000000000000000000000000000000000000000000000000000000012000000000000000000000000000000   040122             00000000000000                                                                  000087
1021903727600017200000260206200016896                         00000000400400168012000000000000000000000000060603012226/400400100000000400400168012060122000000000800065500001  000000000000000000000000000000000000000000000000000000000000000000000000000000000000000800000000000000000000000000000   040122             00000000000000                                                                  000088
1021903727600017200000260206200016896                         00000000400423148930000000000000000000000000060603012226/400423100000000400423148930060122000000008000023703929  000000000000000000000000000000000000000000000000000000000000000000000000000000000000008000000000000000000000000000000   040122             00000000000000                                                                  000089
1021903727600017200000260206200016896                         00000000400479700245000000000000000000000000060603012226/400479700000000400479700245060122000000000800065500001  000000000000000000000000000000000000000000000000000000000000000000000000000000000000000800000000000000000000000000000   040122             00000000000000                                                                  000090
1021903727600017200000260206200016896                         00000000400490351066000000000000000000000000060603012226/400490300000000400490351066060122000000001200010403161  000000000000000000000000000000000000000000000000000000000000000000000000000000000000001200000000000000000000000000000   040122             00000000000000                                                                  000091
1021903727600017200000260206200016896                         00000000400494465511000000000000000000000000060603012226/400494400000000400494465511040122000000002000063300001  000000000000000000000000000000000000000000000000000000000000000000000000000000000000002000000000000000000000000000000   040122             00000000000000                                                                  000092
1021903727600017200000260206200016896                         00000000400501378883000000000000000000000000060603012226/400501300000000400501378883060122000000000800065500001  000000000000000000000000000000000000000000000000000000000000000000000000000000000000000800000000000000000000000000000   040122             00000000000000                                                                  000093
1021903727600017200000260206200016896                         00000000400505416364000000000000000000000000060603012226/400505400000000400505416364060122000000000800065500001  000000000000000000000000000000000000000000000000000000000000000000000000000000000000000800000000000000000000000000000   040122             00000000000000                                                                  000094
1021903727600017200000260206200016896                         00000000400521466959000000000000000000000000060603012226/400521400000000400521466959060122000000000800065500001  000000000000000000000000000000000000000000000000000000000000000000000000000000000000000800000000000000000000000000000   040122             00000000000000                                                                  000095
1021903727600017200000260206200016896                         00000000400528777550000000000000000000000000060603012226/400528700000000400528777550060122000000000800065500001  000000000000000000000000000000000000000000000000000000000000000000000000000000000000000800000000000000000000000000000   040122             00000000000000                                                                  000096
1021903727600017200000260206200016896                         00000000400535021577000000000000000000000000060603012226/400535000000000400535021577060122000000003500075604327  000000000000000000000000000000000000000000000000000000000000000000000000000000000000003500000000000000000000000000000   040122             00000000000000                                                                  000097
1021903727600017200000260206200016896                         00000000400541363498000000000000000000000000060603012226/400541300000000400541363498060122000000000800023700365  000000000000000000000000000000000000000000000000000000000000000000000000000000000000000800000000000000000000000000000   040122             00000000000000                                                                  000098
1021903727600017200000260206200016896                         00000000400559034637000000000000000000000000060603012226/400559000000000400559034637060122000000000800065500001  000000000000000000000000000000000000000000000000000000000000000000000000000000000000000800000000000000000000000000000   040122             00000000000000                                                                  000099
1021903727600017200000260206200016896                         00000000400561595964000000000000000000000000060603012226/400561500000000400561595964060122000000000800075604327  000000000000000000000000000000000000000000000000000000000000000000000000000000000000000800000000000000000000000000000   040122             00000000000000                                                                  000100
1021903727600017200000260206200016896                         00000000400641741368000000000000000000000000060603012226/400641700000000400641741368010122000000012000002100112  000000000000000000000000000000000000000000000000000000000000000000000000000000000000012000000000000000000000000000000   040122             00000000000000                                                                  000101
1021903727600017200000260206200016896                         00000000400641909145000000000000000000000000060603012226/400641900000000400641909145030122000000000820075600259  000000000000000000000000000000000000000000000000000000000000000000000000000000000000000820000000000000000000000000000   040122             00000000000000                                                                  000102
1021903727600017200000260206200016896                         00000000400678041692000000000000000000000000060603012226/400678000000000400678041692060122000000000800065500001  000000000000000000000000000000000000000000000000000000000000000000000000000000000000000800000000000000000000000000000   040122             00000000000000                                                                  000103
1021903727600017200000260206200016896                         00000000400721024446000000000000000000000000060603012226/400721000000000400721024446060122000000000800075604327  000000000000000000000000000000000000000000000000000000000000000000000000000000000000000800000000000000000000000000000   040122             00000000000000                                                                  000104
1021903727600017200000260206200016896                         0000000040073983089P000000000000000000000000060603012226/40073980000000040073983089P060122000000000800065500001  000000000000000000000000000000000000000000000000000000000000000000000000000000000000000800000000000000000000000000000   040122             00000000000000                                                                  000105
1021903727600017200000260206200016896                         00000000400743869962000000000000000000000000060603012226/400743800000000400743869962030122000000001000000103192  000000000000000000000000000000000000000000000000000000000000000000000000000000000000001000000000000000000000000000000   040122             00000000000000                                                                  000106
1021903727600017200000260206200016896                         00000000400747108435000000000000000000000000060603012226/400747100000000400747108435060122000000000800065500001  000000000000000000000000000000000000000000000000000000000000000000000000000000000000000800000000000000000000000000000   040122             00000000000000                                                                  000107
1021903727600017200000260206200016896                         00000000400808668870000000000000000000000000060603012226/400808600000000400808668870060122000000001490010403249  000000000000000000000000000000000000000000000000000000000000000000000000000000000000001490000000000000000000000000000   040122             00000000000000                                                                  000108
1021903727600017200000260206200016896                         00000000400828065560000000000000000000000000060603012226/400828000000000400828065560030122000000000810075600259  000000000000000000000000000000000000000000000000000000000000000000000000000000000000000810000000000000000000000000000   040122             00000000000000                                                                  000109
1021903727600017200000260206200016896                         00000000400836164551000000000000000000000000060603012226/400836100000000400836164551060122000000000800065500001  000000000000000000000000000000000000000000000000000000000000000000000000000000000000000800000000000000000000000000000   040122             00000000000000                                                                  000110
1021903727600017200000260206200016896                         00000000400861950898000000000000000000000000060603012226/400861900000000400861950898060122000000003000065500001  000000000000000000000000000000000000000000000000000000000000000000000000000000000000003000000000000000000000000000000   040122             00000000000000                                                                  000111
1021903727600017200000260206200016896                         00000000400896138630000000000000000000000000060603012226/400896100000000400896138630060122000000000800065500001  000000000000000000000000000000000000000000000000000000000000000000000000000000000000000800000000000000000000000000000   040122             00000000000000                                                                  000112
1021903727600017200000260206200016896                         00000000400901576625000000000000000000000000060603012226/400901500000000400901576625060122000000000800065500001  000000000000000000000000000000000000000000000000000000000000000000000000000000000000000800000000000000000000000000000   040122             00000000000000                                                                  000113
1021903727600017200000260206200016896                         00000000400932981005000000000000000000000000060603012226/400932900000000400932981005060122000000000800065500001  000000000000000000000000000000000000000000000000000000000000000000000000000000000000000800000000000000000000000000000   040122             00000000000000                                                                  000114
1021903727600017200000260206200016896                         00000000400939029296000000000000000000000000060603012226/400939000000000400939029296060122000000000800065500001  000000000000000000000000000000000000000000000000000000000000000000000000000000000000000800000000000000000000000000000   040122             00000000000000                                                                  000115
1021903727600017200000260206200016896                         00000000400996456214000000000000000000000000060603012226/400996400000000400996456214060122000000000800065500001  000000000000000000000000000000000000000000000000000000000000000000000000000000000000000800000000000000000000000000000   040122             00000000000000                                                                  000116
1021903727600017200000260206200016896                         00000000600447697101000000000000000000000000060603012226/600447600000000600447697101060122000000001500021200001  000000000000000000000000000000000000000000000000000000000000000000000000000000000000001500000000000000000000000000000   040122             00000000000000                                                                  000117
1021903727600017200000260206200016896                         00000000100031777375000000000000000000000000061003012226/100031700000000100031777375021121000000002065923700000  000000000000000000000000000000000000000000000000000000000000000000000000000000000000000000000000000000000000000000000                          1600000000                                                                  000118
1021903727600017200000260206200016896                         00000000200117253535000000000000000000000000061003012226/200117200000000200117253535311021000000000556423700000  000000000000000000000000000000000000000000000000000000000000000000000000000000000000000000000000000000000000000000000                          1600000000                                                                  000119
1021903727600017200000260206200016896                         00000000200732974366000000000000000000000000061003012226/200732900000000200732974366011121000000001012723700000  000000000000000000000000000000000000000000000000000000000000000000000000000000000000000000000000000000000000000000000                          1600000000                                                                  000120
1021903727600017200000260206200016896                         00000000200977004516000000000000000000000000061003012226/200977000000000200977004516311021000000000119923700000  000000000000000000000000000000000000000000000000000000000000000000000000000000000000000000000000000000000000000000000                          1600000000                                                                  000121
1021903727600017200000260206200016896                         00000000400102063666000000000000000000000000061003012226/400102000000000400102063666311021000000002500023700000  000000000000000000000000000000000000000000000000000000000000000000000000000000000000000000000000000000000000000000000                          1600000000                                                                  000122
1021903727600017200000260206200016896                         00000000400132173555000000000000000000000000061003012226/400132100000000400132173555011121000000012500023700000  000000000000000000000000000000000000000000000000000000000000000000000000000000000000000000000000000000000000000000000                          1600000000                                                                  000123
1021903727600017200000260206200016896                         00000000400174956967000000000000000000000000061003012226/400174900000000400174956967311021000000002500023700000  000000000000000000000000000000000000000000000000000000000000000000000000000000000000000000000000000000000000000000000                          1600000000                                                                  000124
1021903727600017200000260206200016896                         0000000040021744874P000000000000000000000000061003012226/40021740000000040021744874P021121000000000980023700000  000000000000000000000000000000000000000000000000000000000000000000000000000000000000000000000000000000000000000000000                          1600000000                                                                  000125
1021903727600017200000260206200016896                         00000000400431038362000000000000000000000000061003012226/400431000000000400431038362011121000000005000023700000  000000000000000000000000000000000000000000000000000000000000000000000000000000000000000000000000000000000000000000000                          1600000000                                                                  000126
1021903727600017200000260206200016896                         0000000040053847064P000000000000000000000000061003012226/40053840000000040053847064P021121000000001500023700000  000000000000000000000000000000000000000000000000000000000000000000000000000000000000000000000000000000000000000000000                          1600000000                                                                  000127
1021903727600017200000260206200016896                         00000000400635020128000000000000000000000000061003012226/400635000000000400635020128011121000000009500023700000  000000000000000000000000000000000000000000000000000000000000000000000000000000000000000000000000000000000000000000000                          1600000000                                                                  000128
1021903727600017200000260206200016896                         00000000400692365492000000000000000000000000061003012226/400692300000000400692365492021121000000000980023700000  000000000000000000000000000000000000000000000000000000000000000000000000000000000000000000000000000000000000000000000                          1600000000                                                                  000129
1021903727600017200000260206200016896                         00000000600668604027000000000000000000000000061003012226/600668600000000600668604027011121000000000219923700000  000000000000000000000000000000000000000000000000000000000000000000000000000000000000000000000000000000000000000000000                          1600000000                                                                  000130
1021903727600017200000260206200016896                         00000000600904599692000000000000000000000000061003012226/600904500000000600904599692021121000000000169923700000  000000000000000000000000000000000000000000000000000000000000000000000000000000000000000000000000000000000000000000000                          1600000000                                                                  000131
9201237          000003490000001205931900000841          00068000003002035000002605391000480000026053910001400000039604700000000000000000000000000000000000000000000000000000000000000000000                                                                                                                                                                              00000000000000000000000         000132
