02RETORNO01COBRANCA       00000000000005034448E-PREPAG ADMINISTRADORA DE CAR237BRADESCO       0304230160000001154                                                                                                                                                                                                                                                                          040423         000001
1021903727600017200000260206200016896                         00000000200192001304000000000000000000000000060203042326/200192000000000200192001304060423000000000323723704151  000000000008200000000000000000000000000000000000000000000000000000000000000000000000000000000000000000000000000000000                          0000000000                                                                  000002
1021903727600017200000260206200016896                         00000000200586043487000000000000000000000000060203042326/200586000000000200586043487050423000000001518523704426  000000000008200000000000000000000000000000000000000000000000000000000000000000000000000000000000000000000000000000000                          0000000000                                                                  000003
1021903727600017200000260206200016896                         00000000200632458972000000000000000000000000060203042326/200632400000000200632458972060423000000006088223704400  000000000000000000000000000000000000000000000000000000000000000000000000000000000000000000000000000000000000000000000                          0000000000                                                                  000004
1021903727600017200000260206200016896                         00000000200656041789000000000000000000000000060203042326/200656000000000200656041789040423000000000609123704152  000000000008200000000000000000000000000000000000000000000000000000000000000000000000000000000000000000000000000000000                          7600000000                                                                  000005
1021903727600017200000260206200016896                         00000000200658588149000000000000000000000000060203042326/200658500000000200658588149040423000000000500023704422  000000000008200000000000000000000000000000000000000000000000000000000000000000000000000000000000000000000000000000000                          7600000000                                                                  000006
1021903727600017200000260206200016896                         0000000020071317961P000000000000000000000000060203042326/20071310000000020071317961P040423000000001522723704400  000000000008200000000000000000000000000000000000000000000000000000000000000000000000000000000000000000000000000000000                          7600000000                                                                  000007
1021903727600017200000260206200016896                         00000000200958932534000000000000000000000000060203042326/200958900000000200958932534050423000000000911423704426  000000000008200000000000000000000000000000000000000000000000000000000000000000000000000000000000000000000000000000000                          0000000000                                                                  000008
1021903727600017200000260206200016896                         00000000200963951814000000000000000000000000060203042326/200963900000000200963951814060423000000003254423704436  000000000008200000000000000000000000000000000000000000000000000000000000000000000000000000000000000000000000000000000                          7600000000                                                                  000009
1021903727600017200000260206200016896                         00000000400639468778000000000000000000000000060203042326/400639400000000400639468778040423000000001500023700140  000000000008200000000000000000000000000000000000000000000000000000000000000000000000000000000000000000000000000000000                          0000000000                                                                  000010
1021903727600017200000260206200016896                         00000000400711287228000000000000000000000000060203042326/400711200000000400711287228040423000000001500023704159  000000000008200000000000000000000000000000000000000000000000000000000000000000000000000000000000000000000000000000000                          0000000000                                                                  000011
1021903727600017200000260206200016896                         00000000400729493550000000000000000000000000060203042326/400729400000000400729493550060423000000003850023704143  000000000008200000000000000000000000000000000000000000000000000000000000000000000000000000000000000000000000000000000                          7600000000                                                                  000012
1021903727600017200000260206200016896                         00000000200586043487000000000000000000000000060603042326/200586000000000200586043487050423000000001518526000001  000000000000000000000000000000000000000000000000000000000000000000000000000000000000001518500000000000000000000000000   040423             00000000000000                                                                  000013
1021903727600017200000260206200016896                         00000000400639468778000000000000000000000000060603042326/400639400000000400639468778040423000000001500075604327  000000000000000000000000000000000000000000000000000000000000000000000000000000000000001500000000000000000000000000000   040423             00000000000000                                                                  000014
1021903727600017200000260206200016896                         00000000400711287228000000000000000000000000060603042326/400711200000000400711287228040423000000001500075604327  000000000000000000000000000000000000000000000000000000000000000000000000000000000000001500000000000000000000000000000   040423             00000000000000                                                                  000015
1021903727600017200000260206200016896                         00000000200437960280000000000000000000000000061003042326/200437900000000200437960280010223000000000121023700000  000000000000000000000000000000000000000000000000000000000000000000000000000000000000000000000000000000000000000000000                          1600000000                                                                  000016
1021903727600017200000260206200016896                         00000000200572266556000000000000000000000000061003042326/200572200000000200572266556310123000000000418423700000  000000000000000000000000000000000000000000000000000000000000000000000000000000000000000000000000000000000000000000000                          1600000000                                                                  000017
1021903727600017200000260206200016896                         00000000200607799587000000000000000000000000061003042326/200607700000000200607799587300123000000000119923700000  000000000000000000000000000000000000000000000000000000000000000000000000000000000000000000000000000000000000000000000                          1600000000                                                                  000018
1021903727600017200000260206200016896                         00000000200665017017000000000000000000000000061003042326/200665000000000200665017017300123000000001519723700000  000000000000000000000000000000000000000000000000000000000000000000000000000000000000000000000000000000000000000000000                          1600000000                                                                  000019
1021903727600017200000260206200016896                         00000000200863821506000000000000000000000000061003042326/200863800000000200863821506010223000000001532123700000  000000000000000000000000000000000000000000000000000000000000000000000000000000000000000000000000000000000000000000000                          1600000000                                                                  000020
1021903727600017200000260206200016896                         00000000400238057287000000000000000000000000061003042326/400238000000000400238057287300123000000003110023700000  000000000000000000000000000000000000000000000000000000000000000000000000000000000000000000000000000000000000000000000                          1600000000                                                                  000021
1021903727600017200000260206200016896                         00000000400867852715000000000000000000000000061003042326/400867800000000400867852715300123000000001000023700000  000000000000000000000000000000000000000000000000000000000000000000000000000000000000000000000000000000000000000000000                          1600000000                                                                  000022
1021903727600017200000260206200016896                         00000000400978656583000000000000000000000000061003042326/400978600000000400978656583300123000000000800023700000  000000000000000000000000000000000000000000000000000000000000000000000000000000000000000000000000000000000000000000000                          1600000000                                                                  000023
9201237          000000580000000068829400001154          00011000000215780000000045185000030000000451850000800000008621100000000000000000000000000000000000000000000000000000000000000000000                                                                                                                                                                              00000000000000000000000         000024
