02RETORNO01COBRANCA       00000000000005034448E-PREPAG ADMINISTRADORA DE CAR237BRADESCO       0303230160000001133                                                                                                                                                                                                                                                                          060323         000001
1021903727600017200000260206200016896                         00000000200360144043000000000000000000000000060203032326/200360100000000200360144043060323000000000306023704152  000000000000000000000000000000000000000000000000000000000000000000000000000000000000000000000000000000000000000000000                          0000000000                                                                  000002
1021903727600017200000260206200016896                         00000000400221790983000000000000000000000000060203032326/400221700000000400221790983060323000000005000023704143  000000000008200000000000000000000000000000000000000000000000000000000000000000000000000000000000000000000000000000000                          7600000000                                                                  000003
1021903727600017200000260206200016896                         00000000400488536288000000000000000000000000060203032326/400488500000000400488536288060323000000002000023704159  000000000008200000000000000000000000000000000000000000000000000000000000000000000000000000000000000000000000000000000                          0000000000                                                                  000004
1021903727600017200000260206200016896                         00000000400908990494000000000000000000000000060203032326/400908900000000400908990494060323000000002000023704426  000000000008200000000000000000000000000000000000000000000000000000000000000000000000000000000000000000000000000000000                          0000000000                                                                  000005
1021903727600017200000260206200016896                         00000000400221790983000000000000000000000000060603032326/400221700000000400221790983060323000000005000023702151  000000000000000000000000000000000000000000000000000000000000000000000000000000000000005000000000000000000000000000000   060323             00000000000000                                                                  000006
1021903727600017200000260206200016896                         00000000400488536288000000000000000000000000060603032326/400488500000000400488536288060323000000002000063300001  000000000000000000000000000000000000000000000000000000000000000000000000000000000000002000000000000000000000000000000   060323             00000000000000                                                                  000007
1021903727600017200000260206200016896                         00000000400908990494000000000000000000000000060603032326/400908900000000400908990494060323000000002000004100957  000000000000000000000000000000000000000000000000000000000000000000000000000000000000002000000000000000000000000000000   060323             00000000000000                                                                  000008
1021903727600017200000260206200016896                         00000000200202612722000000000000000000000000061003032326/200202600000000200202612722010123000000000948223700000  000000000000000000000000000000000000000000000000000000000000000000000000000000000000000000000000000000000000000000000                          1600000000                                                                  000009
9201237          000000610000000077630500001133          00004000000093060000000090000000030000000900000000100000000948200000000000000000000000000000000000000000000000000000000000000000000                                                                                                                                                                              00000000000000000000000         000010
