02RETORNO01COBRANCA       00000000000005034448E-PREPAG ADMINISTRADORA DE CAR237BRADESCO       0411210160000000801                                                                                                                                                                                                                                                                          051121         000001
1021903727600017200000260206200016896                         00000000400021120150000000000000000000000000060204112126/400021100000000400021120150071121000000005000023704143  000000000008200000000000000000000000000000000000000000000000000000000000000000000000000000000000000000000000000000000                          7600000000                                                                  000002
1021903727600017200000260206200016896                         00000000400029746083000000000000000000000000060204112126/400029700000000400029746083071121000000002000023700073  000000000008200000000000000000000000000000000000000000000000000000000000000000000000000000000000000000000000000000000                          0000000000                                                                  000003
1021903727600017200000260206200016896                         00000000400120920851000000000000000000000000060204112126/400120900000000400120920851071121000000000800023700140  000000000008200000000000000000000000000000000000000000000000000000000000000000000000000000000000000000000000000000000                          0000000000                                                                  000004
1021903727600017200000260206200016896                         00000000400123051668000000000000000000000000060204112126/400123000000000400123051668071121000000001000023704422  000000000008200000000000000000000000000000000000000000000000000000000000000000000000000000000000000000000000000000000                          0000000000                                                                  000005
1021903727600017200000260206200016896                         00000000400384070503000000000000000000000000060204112126/400384000000000400384070503071121000000002000023704158  000000000008200000000000000000000000000000000000000000000000000000000000000000000000000000000000000000000000000000000                          0000000000                                                                  000006
1021903727600017200000260206200016896                         00000000400400011342000000000000000000000000060204112126/400400000000000400400011342071121000000001000023700140  000000000008200000000000000000000000000000000000000000000000000000000000000000000000000000000000000000000000000000000                          0000000000                                                                  000007
1021903727600017200000260206200016896                         00000000400430807923000000000000000000000000060204112126/400430800000000400430807923071121000000004700023704602  000000000008200000000000000000000000000000000000000000000000000000000000000000000000000000000000000000000000000000000                          0000000000                                                                  000008
1021903727600017200000260206200016896                         00000000400529079962000000000000000000000000060204112126/400529000000000400529079962071121000000003500023703162  000000000008200000000000000000000000000000000000000000000000000000000000000000000000000000000000000000000000000000000                          0000000000                                                                  000009
1021903727600017200000260206200016896                         00000000400663459100000000000000000000000000060204112126/400663400000000400663459100071121000000002000023702062  000000000008200000000000000000000000000000000000000000000000000000000000000000000000000000000000000000000000000000000                          0000000000                                                                  000010
1021903727600017200000260206200016896                         00000000400682439463000000000000000000000000060204112126/400682400000000400682439463071121000000001500023704159  000000000008200000000000000000000000000000000000000000000000000000000000000000000000000000000000000000000000000000000                          0000000000                                                                  000011
1021903727600017200000260206200016896                         00000000400725298184000000000000000000000000060204112126/400725200000000400725298184071121000000002000023704151  000000000008200000000000000000000000000000000000000000000000000000000000000000000000000000000000000000000000000000000                          0000000000                                                                  000012
1021903727600017200000260206200016896                         00000000400734650036000000000000000000000000060204112126/400734600000000400734650036071121000000001650023704151  000000000008200000000000000000000000000000000000000000000000000000000000000000000000000000000000000000000000000000000                          0000000000                                                                  000013
1021903727600017200000260206200016896                         00000000400790935728000000000000000000000000060204112126/400790900000000400790935728071121000000002200023704159  000000000008200000000000000000000000000000000000000000000000000000000000000000000000000000000000000000000000000000000                          0000000000                                                                  000014
1021903727600017200000260206200016896                         00000000400851251363000000000000000000000000060204112126/400851200000000400851251363071121000000099000023704151  000000000008200000000000000000000000000000000000000000000000000000000000000000000000000000000000000000000000000000000                          7600000000                                                                  000015
1021903727600017200000260206200016896                         00000000400877405954000000000000000000000000060204112126/400877400000000400877405954071121000000001100023704154  000000000008200000000000000000000000000000000000000000000000000000000000000000000000000000000000000000000000000000000                          0000000000                                                                  000016
1021903727600017200000260206200016896                         00000000400892860102000000000000000000000000060204112126/400892800000000400892860102071121000000002340023704152  000000000008200000000000000000000000000000000000000000000000000000000000000000000000000000000000000000000000000000000                          0000000000                                                                  000017
1021903727600017200000260206200016896                         00000000400967753641000000000000000000000000060204112126/400967700000000400967753641071121000000001840023704159  000000000008200000000000000000000000000000000000000000000000000000000000000000000000000000000000000000000000000000000                          0000000000                                                                  000018
1021903727600017200000260206200016896                         00000000600456935058000000000000000000000000060204112126/600456900000000600456935058071121000000000199923704422  000000000008200000000000000000000000000000000000000000000000000000000000000000000000000000000000000000000000000000000                          0000000000                                                                  000019
1021903727600017200000260206200016896                         00000000200849008819000000000000000000000000060604112126/200849000000000200849008819061121000000001363210402262  000000000000000000000000000000000000000000000000000000000000000000000000000000000000001363200000000000000000000000000   051121             00000000000000                                                                  000020
1021903727600017200000260206200016896                         00000000400120920851000000000000000000000000060604112126/400120900000000400120920851071121000000000800075604327  000000000000000000000000000000000000000000000000000000000000000000000000000000000000000800000000000000000000000000000   051121             00000000000000                                                                  000021
1021903727600017200000260206200016896                         00000000400123051668000000000000000000000000060604112126/400123000000000400123051668071121000000001000000103192  000000000000000000000000000000000000000000000000000000000000000000000000000000000000001000000000000000000000000000000   051121             00000000000000                                                                  000022
1021903727600017200000260206200016896                         00000000400187976002000000000000000000000000060604112126/400187900000000400187976002061121000000005000010404354  000000000000000000000000000000000000000000000000000000000000000000000000000000000000005000000000000000000000000000000   051121             00000000000000                                                                  000023
1021903727600017200000260206200016896                         00000000400384070503000000000000000000000000060604112126/400384000000000400384070503071121000000002000023700365  000000000000000000000000000000000000000000000000000000000000000000000000000000000000002000000000000000000000000000000   051121             00000000000000                                                                  000024
1021903727600017200000260206200016896                         00000000400400011342000000000000000000000000060604112126/400400000000000400400011342071121000000001000075604327  000000000000000000000000000000000000000000000000000000000000000000000000000000000000001000000000000000000000000000000   051121             00000000000000                                                                  000025
1021903727600017200000260206200016896                         00000000400430807923000000000000000000000000060604112126/400430800000000400430807923071121000000004700000101694  000000000000000000000000000000000000000000000000000000000000000000000000000000000000004700000000000000000000000000000   051121             00000000000000                                                                  000026
1021903727600017200000260206200016896                         00000000400663459100000000000000000000000000060604112126/400663400000000400663459100071121000000002000063300001  000000000000000000000000000000000000000000000000000000000000000000000000000000000000002000000000000000000000000000000   051121             00000000000000                                                                  000027
1021903727600017200000260206200016896                         00000000400666225836000000000000000000000000060604112126/400666200000000400666225836061121000000001000010403880  000000000000000000000000000000000000000000000000000000000000000000000000000000000000001000000000000000000000000000000   051121             00000000000000                                                                  000028
1021903727600017200000260206200016896                         00000000400725298184000000000000000000000000060604112126/400725200000000400725298184071121000000002000010400280  000000000000000000000000000000000000000000000000000000000000000000000000000000000000002000000000000000000000000000000   051121             00000000000000                                                                  000029
1021903727600017200000260206200016896                         00000000400734650036000000000000000000000000060604112126/400734600000000400734650036071121000000001650021200001  000000000000000000000000000000000000000000000000000000000000000000000000000000000000001650000000000000000000000000000   051121             00000000000000                                                                  000030
1021903727600017200000260206200016896                         00000000400790935728000000000000000000000000060604112126/400790900000000400790935728071121000000002200010402192  000000000000000000000000000000000000000000000000000000000000000000000000000000000000002200000000000000000000000000000   051121             00000000000000                                                                  000031
1021903727600017200000260206200016896                         00000000400851251363000000000000000000000000060604112126/400851200000000400851251363071121000000099000033600001  000000000000000000000000000000000000000000000000000000000000000000000000000000000000099000000000000000000000000000000   051121             00000000000000                                                                  000032
1021903727600017200000260206200016896                         00000000400892860102000000000000000000000000060604112126/400892800000000400892860102071121000000002340063300001  000000000000000000000000000000000000000000000000000000000000000000000000000000000000002340000000000000000000000000000   051121             00000000000000                                                                  000033
1021903727600017200000260206200016896                         00000000400967753641000000000000000000000000060604112126/400967700000000400967753641071121000000001840075604327  000000000000000000000000000000000000000000000000000000000000000000000000000000000000001840000000000000000000000000000   051121             00000000000000                                                                  000034
1021903727600017200000260206200016896                         00000000600456935058000000000000000000000000060604112126/600456900000000600456935058071121000000000199903301136  000000000000000000000000000000000000000000000000000000000000000000000000000000000000000199900000000000000000000000000   051121             00000000000000                                                                  000035
1021903727600017200000260206200016896                         00000000200117030897000000000000000000000000061004112126/200117000000000200117030897040921000000001085823700000  000000000000000000000000000000000000000000000000000000000000000000000000000000000000000000000000000000000000000000000                          1600000000                                                                  000036
1021903727600017200000260206200016896                         00000000200211576305000000000000000000000000061004112126/200211500000000200211576305040921000000000191023700000  000000000000000000000000000000000000000000000000000000000000000000000000000000000000000000000000000000000000000000000                          1600000000                                                                  000037
1021903727600017200000260206200016896                         00000000400142585363000000000000000000000000061004112126/400142500000000400142585363040921000000003000023700000  000000000000000000000000000000000000000000000000000000000000000000000000000000000000000000000000000000000000000000000                          1600000000                                                                  000038
1021903727600017200000260206200016896                         00000000400543007818000000000000000000000000061004112126/400543000000000400543007818040921000000008000023700000  000000000000000000000000000000000000000000000000000000000000000000000000000000000000000000000000000000000000000000000                          1600000000                                                                  000039
1021903727600017200000260206200016896                         00000000400670846128000000000000000000000000061004112126/400670800000000400670846128040921000000001000023700000  000000000000000000000000000000000000000000000000000000000000000000000000000000000000000000000000000000000000000000000                          1600000000                                                                  000040
1021903727600017200000260206200016896                         00000000400693539028000000000000000000000000061004112126/400693500000000400693539028040921000000000800023700000  000000000000000000000000000000000000000000000000000000000000000000000000000000000000000000000000000000000000000000000                          1600000000                                                                  000041
1021903727600017200000260206200016896                         00000000400790969088000000000000000000000000061004112126/400790900000000400790969088040921000000002010023700000  000000000000000000000000000000000000000000000000000000000000000000000000000000000000000000000000000000000000000000000                          1600000000                                                                  000042
1021903727600017200000260206200016896                         00000000400793281125000000000000000000000000061004112126/400793200000000400793281125040921000000000800023700000  000000000000000000000000000000000000000000000000000000000000000000000000000000000000000000000000000000000000000000000                          1600000000                                                                  000043
1021903727600017200000260206200016896                         00000000400901802676000000000000000000000000061004112126/400901800000000400901802676040921000000002000023700000  000000000000000000000000000000000000000000000000000000000000000000000000000000000000000000000000000000000000000000000                          1600000000                                                                  000044
1021903727600017200000260206200016896                         00000000400958749976000000000000000000000000061004112126/400958700000000400958749976040921000000002500023700000  000000000000000000000000000000000000000000000000000000000000000000000000000000000000000000000000000000000000000000000                          1600000000                                                                  000045
1021903727600017200000260206200016896                         0000000060021166606P000000000000000000000000061004112126/60021160000000060021166606P040921000000000219923700000  000000000000000000000000000000000000000000000000000000000000000000000000000000000000000000000000000000000000000000000                          1600000000                                                                  000046
1021903727600017200000260206200016896                         00000000600506922092000000000000000000000000061004112126/600506900000000600506922092040921000000003000023700000  000000000000000000000000000000000000000000000000000000000000000000000000000000000000000000000000000000000000000000000                          1600000000                                                                  000047
1021903727600017200000260206200016896                         00000000600817837803000000000000000000000000061004112126/600817800000000600817837803040921000000000069923700000  000000000000000000000000000000000000000000000000000000000000000000000000000000000000000000000000000000000000000000000                          1600000000                                                                  000048
9201237          000003760000000882778000000801          00018000001338299000001280931000160000012809310001300000024676600000000000000000000000000000000000000000000000000000000000000000000                                                                                                                                                                              00000000000000000000000         000049
