02RETORNO01COBRANCA       00000000000005034448E-PREPAG ADMINISTRADORA DE CAR237BRADESCO       0410210160000000780                                                                                                                                                                                                                                                                          051021         000001
1021903727600017200000260206200016896                         00000000100031520099000000000000000000000000060204102126/100031500000000100031520099051021000000027980223704602  000000000008200000000000000000000000000000000000000000000000000000000000000000000000000000000000000000000000000000000                          0000000000                                                                  000002
1021903727600017200000260206200016896                         00000000100031541592000000000000000000000000060204102126/100031500000000100031541592051021000000000156823704152  000000000008200000000000000000000000000000000000000000000000000000000000000000000000000000000000000000000000000000000                          0000000000                                                                  000003
1021903727600017200000260206200016896                         00000000100031542254000000000000000000000000060204102126/100031500000000100031542254051021000000000223223704436  000000000008200000000000000000000000000000000000000000000000000000000000000000000000000000000000000000000000000000000                          0000000000                                                                  000004
1021903727600017200000260206200016896                         00000000100031572544000000000000000000000000060204102126/100031500000000100031572544051021000000000252323704151  000000000008200000000000000000000000000000000000000000000000000000000000000000000000000000000000000000000000000000000                          0000000000                                                                  000005
1021903727600017200000260206200016896                         00000000100031577686000000000000000000000000060204102126/100031500000000100031577686051021000000002176823704400  000000000008200000000000000000000000000000000000000000000000000000000000000000000000000000000000000000000000000000000                          0000000000                                                                  000006
1021903727600017200000260206200016896                         00000000200064258084000000000000000000000000060204102126/200064200000000200064258084051021000000000197223704400  000000000008200000000000000000000000000000000000000000000000000000000000000000000000000000000000000000000000000000000                          0000000000                                                                  000007
1021903727600017200000260206200016896                         00000000200137343565000000000000000000000000060204102126/200137300000000200137343565061021000000000368723704426  000000000008200000000000000000000000000000000000000000000000000000000000000000000000000000000000000000000000000000000                          0000000000                                                                  000008
1021903727600017200000260206200016896                         0000000020040039417P000000000000000000000000060204102126/20040030000000020040039417P051021000000000698823704144  000000000008200000000000000000000000000000000000000000000000000000000000000000000000000000000000000000000000000000000                          0000000000                                                                  000009
1021903727600017200000260206200016896                         0000000020045351391P000000000000000000000000060204102126/20045350000000020045351391P061021000000001040023703109  000000000008200000000000000000000000000000000000000000000000000000000000000000000000000000000000000000000000000000000                          0000000000                                                                  000010
1021903727600017200000260206200016896                         0000000020065168648P000000000000000000000000060204102126/20065160000000020065168648P061021000000000540923704426  000000000008200000000000000000000000000000000000000000000000000000000000000000000000000000000000000000000000000000000                          0000000000                                                                  000011
1021903727600017200000260206200016896                         00000000200701631908000000000000000000000000060204102126/200701600000000200701631908071021000000000750923704151  000000000008200000000000000000000000000000000000000000000000000000000000000000000000000000000000000000000000000000000                          0000000000                                                                  000012
1021903727600017200000260206200016896                         00000000200808837924000000000000000000000000060204102126/200808800000000200808837924051021000000000288123704151  000000000008200000000000000000000000000000000000000000000000000000000000000000000000000000000000000000000000000000000                          0000000000                                                                  000013
1021903727600017200000260206200016896                         00000000200873442627000000000000000000000000060204102126/200873400000000200873442627051021000000000181223700153  000000000008200000000000000000000000000000000000000000000000000000000000000000000000000000000000000000000000000000000                          0000000000                                                                  000014
1021903727600017200000260206200016896                         00000000400114029056000000000000000000000000060204102126/400114000000000400114029056071021000000001500023704143  000000000008200000000000000000000000000000000000000000000000000000000000000000000000000000000000000000000000000000000                          0000000000                                                                  000015
1021903727600017200000260206200016896                         0000000040012247381P000000000000000000000000060204102126/40012240000000040012247381P071021000000003870023704426  000000000008200000000000000000000000000000000000000000000000000000000000000000000000000000000000000000000000000000000                          0000000000                                                                  000016
1021903727600017200000260206200016896                         00000000400160345884000000000000000000000000060204102126/400160300000000400160345884071021000000012000023704154  000000000008200000000000000000000000000000000000000000000000000000000000000000000000000000000000000000000000000000000                          0000000000                                                                  000017
1021903727600017200000260206200016896                         00000000400161078472000000000000000000000000060204102126/400161000000000400161078472071021000000003000023704144  000000000008200000000000000000000000000000000000000000000000000000000000000000000000000000000000000000000000000000000                          0000000000                                                                  000018
1021903727600017200000260206200016896                         00000000400169922914000000000000000000000000060204102126/400169900000000400169922914071021000000002000023704152  000000000008200000000000000000000000000000000000000000000000000000000000000000000000000000000000000000000000000000000                          0000000000                                                                  000019
1021903727600017200000260206200016896                         00000000400192758080000000000000000000000000060204102126/400192700000000400192758080071021000000000800023700320  000000000008200000000000000000000000000000000000000000000000000000000000000000000000000000000000000000000000000000000                          0000000000                                                                  000020
1021903727600017200000260206200016896                         00000000400205590060000000000000000000000000060204102126/400205500000000400205590060071021000000000810023704151  000000000008200000000000000000000000000000000000000000000000000000000000000000000000000000000000000000000000000000000                          0000000000                                                                  000021
1021903727600017200000260206200016896                         00000000400205830096000000000000000000000000060204102126/400205800000000400205830096051021000000000800023704151  000000000008200000000000000000000000000000000000000000000000000000000000000000000000000000000000000000000000000000000                          0000000000                                                                  000022
1021903727600017200000260206200016896                         00000000400227686061000000000000000000000000060204102126/400227600000000400227686061051021000000001500023704424  000000000008200000000000000000000000000000000000000000000000000000000000000000000000000000000000000000000000000000000                          0000000000                                                                  000023
1021903727600017200000260206200016896                         00000000400271479138000000000000000000000000060204102126/400271400000000400271479138071021000000002500023704400  000000000008200000000000000000000000000000000000000000000000000000000000000000000000000000000000000000000000000000000                          0000000000                                                                  000024
1021903727600017200000260206200016896                         00000000400277119869000000000000000000000000060204102126/400277100000000400277119869071021000000000800023700320  000000000008200000000000000000000000000000000000000000000000000000000000000000000000000000000000000000000000000000000                          0000000000                                                                  000025
1021903727600017200000260206200016896                         00000000400289890900000000000000000000000000060204102126/400289800000000400289890900061021000000012000023704151  000000000008200000000000000000000000000000000000000000000000000000000000000000000000000000000000000000000000000000000                          0000000000                                                                  000026
1021903727600017200000260206200016896                         00000000400293979576000000000000000000000000060204102126/400293900000000400293979576071021000000002500023700320  000000000008200000000000000000000000000000000000000000000000000000000000000000000000000000000000000000000000000000000                          0000000000                                                                  000027
1021903727600017200000260206200016896                         00000000400297663905000000000000000000000000060204102126/400297600000000400297663905051021000000001500023704424  000000000008200000000000000000000000000000000000000000000000000000000000000000000000000000000000000000000000000000000                          0000000000                                                                  000028
1021903727600017200000260206200016896                         00000000400297906484000000000000000000000000060204102126/400297900000000400297906484071021000000000820023704151  000000000008200000000000000000000000000000000000000000000000000000000000000000000000000000000000000000000000000000000                          0000000000                                                                  000029
1021903727600017200000260206200016896                         00000000400309938506000000000000000000000000060204102126/400309900000000400309938506041021000000001000023700320  000000000008200000000000000000000000000000000000000000000000000000000000000000000000000000000000000000000000000000000                          0000000000                                                                  000030
1021903727600017200000260206200016896                         00000000400352183896000000000000000000000000060204102126/400352100000000400352183896071021000000001000023702062  000000000008200000000000000000000000000000000000000000000000000000000000000000000000000000000000000000000000000000000                          0000000000                                                                  000031
1021903727600017200000260206200016896                         00000000400355522160000000000000000000000000060204102126/400355500000000400355522160061021000000002000023704144  000000000008200000000000000000000000000000000000000000000000000000000000000000000000000000000000000000000000000000000                          0000000000                                                                  000032
1021903727600017200000260206200016896                         00000000400361756696000000000000000000000000060204102126/400361700000000400361756696071021000000007000023704144  000000000008200000000000000000000000000000000000000000000000000000000000000000000000000000000000000000000000000000000                          0000000000                                                                  000033
1021903727600017200000260206200016896                         00000000400379069068000000000000000000000000060204102126/400379000000000400379069068071021000000006150023704158  000000000008200000000000000000000000000000000000000000000000000000000000000000000000000000000000000000000000000000000                          0000000000                                                                  000034
1021903727600017200000260206200016896                         00000000400398473376000000000000000000000000060204102126/400398400000000400398473376071021000000005000023704151  000000000008200000000000000000000000000000000000000000000000000000000000000000000000000000000000000000000000000000000                          0000000000                                                                  000035
1021903727600017200000260206200016896                         00000000400446603163000000000000000000000000060204102126/400446600000000400446603163071021000000011990023704151  000000000008200000000000000000000000000000000000000000000000000000000000000000000000000000000000000000000000000000000                          0000000000                                                                  000036
1021903727600017200000260206200016896                         00000000400466609273000000000000000000000000060204102126/400466600000000400466609273071021000000000820023702062  000000000008200000000000000000000000000000000000000000000000000000000000000000000000000000000000000000000000000000000                          0000000000                                                                  000037
1021903727600017200000260206200016896                         00000000400475902978000000000000000000000000060204102126/400475900000000400475902978051021000000002000023704143  000000000008200000000000000000000000000000000000000000000000000000000000000000000000000000000000000000000000000000000                          0000000000                                                                  000038
1021903727600017200000260206200016896                         00000000400515801215000000000000000000000000060204102126/400515800000000400515801215071021000000000830023704151  000000000008200000000000000000000000000000000000000000000000000000000000000000000000000000000000000000000000000000000                          0000000000                                                                  000039
1021903727600017200000260206200016896                         00000000400532251296000000000000000000000000060204102126/400532200000000400532251296071021000000001500023704424  000000000008200000000000000000000000000000000000000000000000000000000000000000000000000000000000000000000000000000000                          0000000000                                                                  000040
1021903727600017200000260206200016896                         00000000400580680646000000000000000000000000060204102126/400580600000000400580680646071021000000000990023704143  000000000008200000000000000000000000000000000000000000000000000000000000000000000000000000000000000000000000000000000                          7600000000                                                                  000041
1021903727600017200000260206200016896                         00000000400599396140000000000000000000000000060204102126/400599300000000400599396140071021000000001000023704151  000000000000000000000000000000000000000000000000000000000000000000000000000000000000000000000000000000000000000000000                          0000000000                                                                  000042
1021903727600017200000260206200016896                         00000000400620052848000000000000000000000000060204102126/400620000000000400620052848071021000000001500023704452  000000000000000000000000000000000000000000000000000000000000000000000000000000000000000000000000000000000000000000000                          0000000000                                                                  000043
1021903727600017200000260206200016896                         00000000400659173626000000000000000000000000060204102126/400659100000000400659173626071021000000000800023704452  000000000008200000000000000000000000000000000000000000000000000000000000000000000000000000000000000000000000000000000                          0000000000                                                                  000044
1021903727600017200000260206200016896                         00000000400700724502000000000000000000000000060204102126/400700700000000400700724502071021000000002570023704154  000000000008200000000000000000000000000000000000000000000000000000000000000000000000000000000000000000000000000000000                          0000000000                                                                  000045
1021903727600017200000260206200016896                         0000000040071045970P000000000000000000000000060204102126/40071040000000040071045970P071021000000001500023704452  000000000000000000000000000000000000000000000000000000000000000000000000000000000000000000000000000000000000000000000                          0000000000                                                                  000046
1021903727600017200000260206200016896                         00000000400713484101000000000000000000000000060204102126/400713400000000400713484101071021000000001000023700320  000000000008200000000000000000000000000000000000000000000000000000000000000000000000000000000000000000000000000000000                          0000000000                                                                  000047
1021903727600017200000260206200016896                         00000000400734845902000000000000000000000000060204102126/400734800000000400734845902071021000000000800023700320  000000000008200000000000000000000000000000000000000000000000000000000000000000000000000000000000000000000000000000000                          0000000000                                                                  000048
1021903727600017200000260206200016896                         00000000400764794202000000000000000000000000060204102126/400764700000000400764794202061021000000001500023702062  000000000008200000000000000000000000000000000000000000000000000000000000000000000000000000000000000000000000000000000                          0000000000                                                                  000049
1021903727600017200000260206200016896                         0000000040078607498P000000000000000000000000060204102126/40078600000000040078607498P071021000000005000023704426  000000000008200000000000000000000000000000000000000000000000000000000000000000000000000000000000000000000000000000000                          7600000000                                                                  000050
1021903727600017200000260206200016896                         00000000400796726640000000000000000000000000060204102126/400796700000000400796726640071021000000001500023700321  000000000008200000000000000000000000000000000000000000000000000000000000000000000000000000000000000000000000000000000                          0000000000                                                                  000051
1021903727600017200000260206200016896                         00000000400801025583000000000000000000000000060204102126/400801000000000400801025583071021000000008000023704143  000000000008200000000000000000000000000000000000000000000000000000000000000000000000000000000000000000000000000000000                          0000000000                                                                  000052
1021903727600017200000260206200016896                         00000000400802722687000000000000000000000000060204102126/400802700000000400802722687071021000000000800023704151  000000000008200000000000000000000000000000000000000000000000000000000000000000000000000000000000000000000000000000000                          0000000000                                                                  000053
1021903727600017200000260206200016896                         00000000400833260541000000000000000000000000060204102126/400833200000000400833260541071021000000000800023702062  000000000008200000000000000000000000000000000000000000000000000000000000000000000000000000000000000000000000000000000                          0000000000                                                                  000054
1021903727600017200000260206200016896                         00000000400905733571000000000000000000000000060204102126/400905700000000400905733571071021000000001500023704452  000000000008200000000000000000000000000000000000000000000000000000000000000000000000000000000000000000000000000000000                          0000000000                                                                  000055
1021903727600017200000260206200016896                         00000000400911213423000000000000000000000000060204102126/400911200000000400911213423071021000000002500023704159  000000000008200000000000000000000000000000000000000000000000000000000000000000000000000000000000000000000000000000000                          0000000000                                                                  000056
1021903727600017200000260206200016896                         00000000400912805642000000000000000000000000060204102126/400912800000000400912805642071021000000000810023702062  000000000008200000000000000000000000000000000000000000000000000000000000000000000000000000000000000000000000000000000                          0000000000                                                                  000057
1021903727600017200000260206200016896                         00000000400934730506000000000000000000000000060204102126/400934700000000400934730506071021000000001500023704152  000000000008200000000000000000000000000000000000000000000000000000000000000000000000000000000000000000000000000000000                          0000000000                                                                  000058
1021903727600017200000260206200016896                         00000000400944541027000000000000000000000000060204102126/400944500000000400944541027071021000000003000023700153  000000000008200000000000000000000000000000000000000000000000000000000000000000000000000000000000000000000000000000000                          0000000000                                                                  000059
1021903727600017200000260206200016896                         00000000400966181490000000000000000000000000060204102126/400966100000000400966181490061021000000001500023702062  000000000008200000000000000000000000000000000000000000000000000000000000000000000000000000000000000000000000000000000                          0000000000                                                                  000060
1021903727600017200000260206200016896                         00000000400980400383000000000000000000000000060204102126/400980400000000400980400383071021000000001500023704158  000000000008200000000000000000000000000000000000000000000000000000000000000000000000000000000000000000000000000000000                          0000000000                                                                  000061
1021903727600017200000260206200016896                         00000000100031520099000000000000000000000000060604102126/100031500000000100031520099051021000000027980234106805  000000000000000000000000000000000000000000000000000000000000000000000000000000000000027980200000000000000000000000000   051021             00000000000000                                                                  000062
1021903727600017200000260206200016896                         00000000100031541592000000000000000000000000060604102126/100031500000000100031541592051021000000000156863300001  000000000000000000000000000000000000000000000000000000000000000000000000000000000000000156800000000000000000000000000   051021             00000000000000                                                                  000063
1021903727600017200000260206200016896                         00000000100031542254000000000000000000000000060604102126/100031500000000100031542254051021000000000223263300001  000000000000000000000000000000000000000000000000000000000000000000000000000000000000000223200000000000000000000000000   051021             00000000000000                                                                  000064
1021903727600017200000260206200016896                         00000000100031577686000000000000000000000000060604102126/100031500000000100031577686051021000000002176834108570  000000000000000000000000000000000000000000000000000000000000000000000000000000000000002176800000000000000000000000000   051021             00000000000000                                                                  000065
1021903727600017200000260206200016896                         00000000200137343565000000000000000000000000060604102126/200137300000000200137343565061021000000000368700100670  000000000000000000000000000000000000000000000000000000000000000000000000000000000000000368700000000000000000000000000   051021             00000000000000                                                                  000066
1021903727600017200000260206200016896                         0000000020065168648P000000000000000000000000060604102126/20065160000000020065168648P061021000000000540900100670  000000000000000000000000000000000000000000000000000000000000000000000000000000000000000540900000000000000000000000000   051021             00000000000000                                                                  000067
1021903727600017200000260206200016896                         00000000200701631908000000000000000000000000060604102126/200701600000000200701631908071021000000000750906900001  000000000000000000000000000000000000000000000000000000000000000000000000000000000000000750900000000000000000000000000   051021             00000000000000                                                                  000068
1021903727600017200000260206200016896                         00000000200808837924000000000000000000000000060604102126/200808800000000200808837924051021000000000288106900001  000000000000000000000000000000000000000000000000000000000000000000000000000000000000000288100000000000000000000000000   051021             00000000000000                                                                  000069
1021903727600017200000260206200016896                         00000000400114029056000000000000000000000000060604102126/400114000000000400114029056071021000000001500010404692  000000000000000000000000000000000000000000000000000000000000000000000000000000000000001500000000000000000000000000000   051021             00000000000000                                                                  000070
1021903727600017200000260206200016896                         0000000040012247381P000000000000000000000000060604102126/40012240000000040012247381P071021000000003870004100377  000000000000000000000000000000000000000000000000000000000000000000000000000000000000003870000000000000000000000000000   051021             00000000000000                                                                  000071
1021903727600017200000260206200016896                         00000000400160345884000000000000000000000000060604102126/400160300000000400160345884071021000000012000010400721  000000000000000000000000000000000000000000000000000000000000000000000000000000000000012000000000000000000000000000000   051021             00000000000000                                                                  000072
1021903727600017200000260206200016896                         00000000400161078472000000000000000000000000060604102126/400161000000000400161078472071021000000003000065500001  000000000000000000000000000000000000000000000000000000000000000000000000000000000000003000000000000000000000000000000   051021             00000000000000                                                                  000073
1021903727600017200000260206200016896                         00000000400169922914000000000000000000000000060604102126/400169900000000400169922914071021000000002000023700536  000000000000000000000000000000000000000000000000000000000000000000000000000000000000002000000000000000000000000000000   051021             00000000000000                                                                  000074
1021903727600017200000260206200016896                         00000000400192758080000000000000000000000000060604102126/400192700000000400192758080071021000000000800075604327  000000000000000000000000000000000000000000000000000000000000000000000000000000000000000800000000000000000000000000000   051021             00000000000000                                                                  000075
1021903727600017200000260206200016896                         00000000400205590060000000000000000000000000060604102126/400205500000000400205590060071021000000000810075604327  000000000000000000000000000000000000000000000000000000000000000000000000000000000000000810000000000000000000000000000   051021             00000000000000                                                                  000076
1021903727600017200000260206200016896                         00000000400205830096000000000000000000000000060604102126/400205800000000400205830096051021000000000800063300001  000000000000000000000000000000000000000000000000000000000000000000000000000000000000000800000000000000000000000000000   051021             00000000000000                                                                  000077
1021903727600017200000260206200016896                         00000000400221033457000000000000000000000000060604102126/400221000000000400221033457041021000000000860063300001  000000000000000000000000000000000000000000000000000000000000000000000000000000000000000860000000000000000000000000000   051021             00000000000000                                                                  000078
1021903727600017200000260206200016896                         00000000400227686061000000000000000000000000060604102126/400227600000000400227686061051021000000001500010403880  000000000000000000000000000000000000000000000000000000000000000000000000000000000000001500000000000000000000000000000   051021             00000000000000                                                                  000079
1021903727600017200000260206200016896                         00000000400271479138000000000000000000000000060604102126/400271400000000400271479138071021000000002500010403880  000000000000000000000000000000000000000000000000000000000000000000000000000000000000002500000000000000000000000000000   051021             00000000000000                                                                  000080
1021903727600017200000260206200016896                         00000000400277119869000000000000000000000000060604102126/400277100000000400277119869071021000000000800075604327  000000000000000000000000000000000000000000000000000000000000000000000000000000000000000800000000000000000000000000000   051021             00000000000000                                                                  000081
1021903727600017200000260206200016896                         00000000400289890900000000000000000000000000060604102126/400289800000000400289890900061021000000012000063300001  000000000000000000000000000000000000000000000000000000000000000000000000000000000000012000000000000000000000000000000   051021             00000000000000                                                                  000082
1021903727600017200000260206200016896                         00000000400293979576000000000000000000000000060604102126/400293900000000400293979576071021000000002500010403880  000000000000000000000000000000000000000000000000000000000000000000000000000000000000002500000000000000000000000000000   051021             00000000000000                                                                  000083
1021903727600017200000260206200016896                         00000000400297663905000000000000000000000000060604102126/400297600000000400297663905051021000000001500010403880  000000000000000000000000000000000000000000000000000000000000000000000000000000000000001500000000000000000000000000000   051021             00000000000000                                                                  000084
1021903727600017200000260206200016896                         00000000400297906484000000000000000000000000060604102126/400297900000000400297906484071021000000000820075604327  000000000000000000000000000000000000000000000000000000000000000000000000000000000000000820000000000000000000000000000   051021             00000000000000                                                                  000085
1021903727600017200000260206200016896                         00000000400352183896000000000000000000000000060604102126/400352100000000400352183896071021000000001000003302271  000000000000000000000000000000000000000000000000000000000000000000000000000000000000001000000000000000000000000000000   051021             00000000000000                                                                  000086
1021903727600017200000260206200016896                         00000000400355522160000000000000000000000000060604102126/400355500000000400355522160061021000000002000010400412  000000000000000000000000000000000000000000000000000000000000000000000000000000000000002000000000000000000000000000000   051021             00000000000000                                                                  000087
1021903727600017200000260206200016896                         00000000400361756696000000000000000000000000060604102126/400361700000000400361756696071021000000007000010400397  000000000000000000000000000000000000000000000000000000000000000000000000000000000000007000000000000000000000000000000   051021             00000000000000                                                                  000088
1021903727600017200000260206200016896                         00000000400446603163000000000000000000000000060604102126/400446600000000400446603163071021000000011990063300001  000000000000000000000000000000000000000000000000000000000000000000000000000000000000011990000000000000000000000000000   051021             00000000000000                                                                  000089
1021903727600017200000260206200016896                         00000000400453166380000000000000000000000000060604102126/400453100000000400453166380031021000000002700010400422  000000000000000000000000000000000000000000000000000000000000000000000000000000000000002700000000000000000000000000000   051021             00000000000000                                                                  000090
1021903727600017200000260206200016896                         00000000400466609273000000000000000000000000060604102126/400466600000000400466609273071021000000000820075604327  000000000000000000000000000000000000000000000000000000000000000000000000000000000000000820000000000000000000000000000   051021             00000000000000                                                                  000091
1021903727600017200000260206200016896                         00000000400475902978000000000000000000000000060604102126/400475900000000400475902978051021000000002000008501071  000000000000000000000000000000000000000000000000000000000000000000000000000000000000002000000000000000000000000000000   051021             00000000000000                                                                  000092
1021903727600017200000260206200016896                         00000000400515801215000000000000000000000000060604102126/400515800000000400515801215071021000000000830075604327  000000000000000000000000000000000000000000000000000000000000000000000000000000000000000830000000000000000000000000000   051021             00000000000000                                                                  000093
1021903727600017200000260206200016896                         00000000400532251296000000000000000000000000060604102126/400532200000000400532251296071021000000001500010403880  000000000000000000000000000000000000000000000000000000000000000000000000000000000000001500000000000000000000000000000   051021             00000000000000                                                                  000094
1021903727600017200000260206200016896                         00000000400580680646000000000000000000000000060604102126/400580600000000400580680646071021000000000990023702151  000000000000000000000000000000000000000000000000000000000000000000000000000000000000000990000000000000000000000000000   051021             00000000000000                                                                  000095
1021903727600017200000260206200016896                         00000000400620052848000000000000000000000000060604102126/400620000000000400620052848071021000000001500010403880  000000000000000000000000000000000000000000000000000000000000000000000000000000000000001500000000000000000000000000000   051021             00000000000000                                                                  000096
1021903727600017200000260206200016896                         00000000400646692446000000000000000000000000060604102126/400646600000000400646692446041021000000004000010404354  000000000000000000000000000000000000000000000000000000000000000000000000000000000000004000000000000000000000000000000   051021             00000000000000                                                                  000097
1021903727600017200000260206200016896                         00000000400659173626000000000000000000000000060604102126/400659100000000400659173626071021000000000800021200001  000000000000000000000000000000000000000000000000000000000000000000000000000000000000000800000000000000000000000000000   051021             00000000000000                                                                  000098
1021903727600017200000260206200016896                         0000000040071045970P000000000000000000000000060604102126/40071040000000040071045970P071021000000001500010403880  000000000000000000000000000000000000000000000000000000000000000000000000000000000000001500000000000000000000000000000   051021             00000000000000                                                                  000099
1021903727600017200000260206200016896                         00000000400713484101000000000000000000000000060604102126/400713400000000400713484101071021000000001000075604327  000000000000000000000000000000000000000000000000000000000000000000000000000000000000001000000000000000000000000000000   051021             00000000000000                                                                  000100
1021903727600017200000260206200016896                         00000000400734845902000000000000000000000000060604102126/400734800000000400734845902071021000000000800075604327  000000000000000000000000000000000000000000000000000000000000000000000000000000000000000800000000000000000000000000000   051021             00000000000000                                                                  000101
1021903727600017200000260206200016896                         0000000040078607498P000000000000000000000000060604102126/40078600000000040078607498P071021000000005000000100358  000000000000000000000000000000000000000000000000000000000000000000000000000000000000005000000000000000000000000000000   051021             00000000000000                                                                  000102
1021903727600017200000260206200016896                         00000000400796726640000000000000000000000000060604102126/400796700000000400796726640071021000000001500010403880  000000000000000000000000000000000000000000000000000000000000000000000000000000000000001500000000000000000000000000000   051021             00000000000000                                                                  000103
1021903727600017200000260206200016896                         00000000400802722687000000000000000000000000060604102126/400802700000000400802722687071021000000000800075604327  000000000000000000000000000000000000000000000000000000000000000000000000000000000000000800000000000000000000000000000   051021             00000000000000                                                                  000104
1021903727600017200000260206200016896                         00000000400833260541000000000000000000000000060604102126/400833200000000400833260541071021000000000800075604327  000000000000000000000000000000000000000000000000000000000000000000000000000000000000000800000000000000000000000000000   051021             00000000000000                                                                  000105
1021903727600017200000260206200016896                         00000000400905733571000000000000000000000000060604102126/400905700000000400905733571071021000000001500010403880  000000000000000000000000000000000000000000000000000000000000000000000000000000000000001500000000000000000000000000000   051021             00000000000000                                                                  000106
1021903727600017200000260206200016896                         00000000400911213423000000000000000000000000060604102126/400911200000000400911213423071021000000002500010403880  000000000000000000000000000000000000000000000000000000000000000000000000000000000000002500000000000000000000000000000   051021             00000000000000                                                                  000107
1021903727600017200000260206200016896                         00000000400912805642000000000000000000000000060604102126/400912800000000400912805642071021000000000810075604327  000000000000000000000000000000000000000000000000000000000000000000000000000000000000000810000000000000000000000000000   051021             00000000000000                                                                  000108
1021903727600017200000260206200016896                         00000000400934730506000000000000000000000000060604102126/400934700000000400934730506071021000000001500010403880  000000000000000000000000000000000000000000000000000000000000000000000000000000000000001500000000000000000000000000000   051021             00000000000000                                                                  000109
1021903727600017200000260206200016896                         00000000400944541027000000000000000000000000060604102126/400944500000000400944541027071021000000003000010403880  000000000000000000000000000000000000000000000000000000000000000000000000000000000000003000000000000000000000000000000   051021             00000000000000                                                                  000110
1021903727600017200000260206200016896                         00000000400980400383000000000000000000000000060604102126/400980400000000400980400383071021000000001500000102020  000000000000000000000000000000000000000000000000000000000000000000000000000000000000001500000000000000000000000000000   051021             00000000000000                                                                  000111
1021903727600017200000260206200016896                         00000000200439526324000000000000000000000000061004102126/200439500000000200439526324020821000000000914823700000  000000000000000000000000000000000000000000000000000000000000000000000000000000000000000000000000000000000000000000000                          1600000000                                                                  000112
1021903727600017200000260206200016896                         00000000200471346605000000000000000000000000061004102126/200471300000000200471346605040821000000000306623700000  000000000000000000000000000000000000000000000000000000000000000000000000000000000000000000000000000000000000000000000                          1600000000                                                                  000113
1021903727600017200000260206200016896                         00000000200575560110000000000000000000000000061004102126/200575500000000200575560110040821000000001511323700000  000000000000000000000000000000000000000000000000000000000000000000000000000000000000000000000000000000000000000000000                          1600000000                                                                  000114
1021903727600017200000260206200016896                         00000000200753176648000000000000000000000000061004102126/200753100000000200753176648040821000000001360023700000  000000000000000000000000000000000000000000000000000000000000000000000000000000000000000000000000000000000000000000000                          1600000000                                                                  000115
1021903727600017200000260206200016896                         00000000200927308220000000000000000000000000061004102126/200927300000000200927308220030821000000000625623700000  000000000000000000000000000000000000000000000000000000000000000000000000000000000000000000000000000000000000000000000                          1600000000                                                                  000116
1021903727600017200000260206200016896                         00000000400050139227000000000000000000000000061004102126/400050100000000400050139227030821000000002600023700000  000000000000000000000000000000000000000000000000000000000000000000000000000000000000000000000000000000000000000000000                          1600000000                                                                  000117
1021903727600017200000260206200016896                         00000000400119145054000000000000000000000000061004102126/400119100000000400119145054020821000000007600023700000  000000000000000000000000000000000000000000000000000000000000000000000000000000000000000000000000000000000000000000000                          1600000000                                                                  000118
1021903727600017200000260206200016896                         00000000400189892752000000000000000000000000061004102126/400189800000000400189892752020821000000001610023700000  000000000000000000000000000000000000000000000000000000000000000000000000000000000000000000000000000000000000000000000                          1600000000                                                                  000119
1021903727600017200000260206200016896                         00000000400217527755000000000000000000000000061004102126/400217500000000400217527755030821000000000800023700000  000000000000000000000000000000000000000000000000000000000000000000000000000000000000000000000000000000000000000000000                          1600000000                                                                  000120
1021903727600017200000260206200016896                         00000000400219958974000000000000000000000000061004102126/400219900000000400219958974020821000000002500023700000  000000000000000000000000000000000000000000000000000000000000000000000000000000000000000000000000000000000000000000000                          1600000000                                                                  000121
1021903727600017200000260206200016896                         00000000400233918659000000000000000000000000061004102126/400233900000000400233918659020821000000001200023700000  000000000000000000000000000000000000000000000000000000000000000000000000000000000000000000000000000000000000000000000                          1600000000                                                                  000122
1021903727600017200000260206200016896                         00000000400235791303000000000000000000000000061004102126/400235700000000400235791303020821000000000800023700000  000000000000000000000000000000000000000000000000000000000000000000000000000000000000000000000000000000000000000000000                          1600000000                                                                  000123
1021903727600017200000260206200016896                         00000000400239460344000000000000000000000000061004102126/400239400000000400239460344020821000000000800023700000  000000000000000000000000000000000000000000000000000000000000000000000000000000000000000000000000000000000000000000000                          1600000000                                                                  000124
1021903727600017200000260206200016896                         00000000400268560412000000000000000000000000061004102126/400268500000000400268560412020821000000000800023700000  000000000000000000000000000000000000000000000000000000000000000000000000000000000000000000000000000000000000000000000                          1600000000                                                                  000125
1021903727600017200000260206200016896                         00000000400274721835000000000000000000000000061004102126/400274700000000400274721835020821000000003000023700000  000000000000000000000000000000000000000000000000000000000000000000000000000000000000000000000000000000000000000000000                          1600000000                                                                  000126
1021903727600017200000260206200016896                         00000000400299287773000000000000000000000000061004102126/400299200000000400299287773020821000000001720023700000  000000000000000000000000000000000000000000000000000000000000000000000000000000000000000000000000000000000000000000000                          1600000000                                                                  000127
1021903727600017200000260206200016896                         00000000400322996027000000000000000000000000061004102126/400322900000000400322996027020821000000000800023700000  000000000000000000000000000000000000000000000000000000000000000000000000000000000000000000000000000000000000000000000                          1600000000                                                                  000128
1021903727600017200000260206200016896                         00000000400368651652000000000000000000000000061004102126/400368600000000400368651652020821000000007000023700000  000000000000000000000000000000000000000000000000000000000000000000000000000000000000000000000000000000000000000000000                          1600000000                                                                  000129
1021903727600017200000260206200016896                         00000000400485297053000000000000000000000000061004102126/400485200000000400485297053020821000000000800023700000  000000000000000000000000000000000000000000000000000000000000000000000000000000000000000000000000000000000000000000000                          1600000000                                                                  000130
1021903727600017200000260206200016896                         0000000040049698785P000000000000000000000000061004102126/40049690000000040049698785P020821000000000800023700000  000000000000000000000000000000000000000000000000000000000000000000000000000000000000000000000000000000000000000000000                          1600000000                                                                  000131
1021903727600017200000260206200016896                         00000000400571622927000000000000000000000000061004102126/400571600000000400571622927020821000000010000023700000  000000000000000000000000000000000000000000000000000000000000000000000000000000000000000000000000000000000000000000000                          1600000000                                                                  000132
1021903727600017200000260206200016896                         00000000400637252182000000000000000000000000061004102126/400637200000000400637252182020821000000004000023700000  000000000000000000000000000000000000000000000000000000000000000000000000000000000000000000000000000000000000000000000                          1600000000                                                                  000133
1021903727600017200000260206200016896                         00000000400788069053000000000000000000000000061004102126/400788000000000400788069053020821000000001000023700000  000000000000000000000000000000000000000000000000000000000000000000000000000000000000000000000000000000000000000000000                          1600000000                                                                  000134
1021903727600017200000260206200016896                         00000000400796727159000000000000000000000000061004102126/400796700000000400796727159020821000000000800023700000  000000000000000000000000000000000000000000000000000000000000000000000000000000000000000000000000000000000000000000000                          1600000000                                                                  000135
1021903727600017200000260206200016896                         00000000400814893398000000000000000000000000061004102126/400814800000000400814893398030821000000002500023700000  000000000000000000000000000000000000000000000000000000000000000000000000000000000000000000000000000000000000000000000                          1600000000                                                                  000136
1021903727600017200000260206200016896                         00000000400830305226000000000000000000000000061004102126/400830300000000400830305226020821000000000800023700000  000000000000000000000000000000000000000000000000000000000000000000000000000000000000000000000000000000000000000000000                          1600000000                                                                  000137
1021903727600017200000260206200016896                         00000000400847075798000000000000000000000000061004102126/400847000000000400847075798020821000000003000023700000  000000000000000000000000000000000000000000000000000000000000000000000000000000000000000000000000000000000000000000000                          1600000000                                                                  000138
1021903727600017200000260206200016896                         00000000400884125479000000000000000000000000061004102126/400884100000000400884125479020821000000001800023700000  000000000000000000000000000000000000000000000000000000000000000000000000000000000000000000000000000000000000000000000                          1600000000                                                                  000139
1021903727600017200000260206200016896                         0000000040089647956P000000000000000000000000061004102126/40089640000000040089647956P020821000000003000023700000  000000000000000000000000000000000000000000000000000000000000000000000000000000000000000000000000000000000000000000000                          1600000000                                                                  000140
1021903727600017200000260206200016896                         00000000400960245713000000000000000000000000061004102126/400960200000000400960245713020821000000000800023700000  000000000000000000000000000000000000000000000000000000000000000000000000000000000000000000000000000000000000000000000                          1600000000                                                                  000141
1021903727600017200000260206200016896                         0000000040099536832P000000000000000000000000061004102126/40099530000000040099536832P020821000000001000023700000  000000000000000000000000000000000000000000000000000000000000000000000000000000000000000000000000000000000000000000000                          1600000000                                                                  000142
1021903727600017200000260206200016896                         00000000400999991951000000000000000000000000061004102126/400999900000000400999991951020821000000000800023700000  000000000000000000000000000000000000000000000000000000000000000000000000000000000000000000000000000000000000000000000                          1600000000                                                                  000143
1021903727600017200000260206200016896                         00000000600224036634000000000000000000000000061004102126/600224000000000600224036634030821000000000129923700000  000000000000000000000000000000000000000000000000000000000000000000000000000000000000000000000000000000000000000000000                          1600000000                                                                  000144
1021903727600017200000260206200016896                         00000000600353701695000000000000000000000000061004102126/600353700000000600353701695030821000000000109923700000  000000000000000000000000000000000000000000000000000000000000000000000000000000000000000000000000000000000000000000000                          1600000000                                                                  000145
1021903727600017200000260206200016896                         00000000600399168258000000000000000000000000061004102126/600399100000000600399168258040821000000001250023700000  000000000000000000000000000000000000000000000000000000000000000000000000000000000000000000000000000000000000000000000                          1600000000                                                                  000146
1021903727600017200000260206200016896                         00000000600447966870000000000000000000000000061004102126/600447900000000600447966870030821000000000119923700000  000000000000000000000000000000000000000000000000000000000000000000000000000000000000000000000000000000000000000000000                          1600000000                                                                  000147
1021903727600017200000260206200016896                         00000000600583755719000000000000000000000000061004102126/600583700000000600583755719020821000000001360023700000  000000000000000000000000000000000000000000000000000000000000000000000000000000000000000000000000000000000000000000000                          1600000000                                                                  000148
1021903727600017200000260206200016896                         00000000600838925613000000000000000000000000061004102126/600838900000000600838925613020821000000001360023700000  000000000000000000000000000000000000000000000000000000000000000000000000000000000000000000000000000000000000000000000                          1600000000                                                                  000149
9201237          000006680000001815610000000780          00060000001606151000001390856000500000013908560003800000071378000000000000000000000000000000000000000000000000000000000000000000000                                                                                                                                                                              00000000000000000000000         000150
