02RETORNO01COBRANCA       00000000000005034448E-PREPAG ADMINISTRADORA DE CAR237BRADESCO       0411220160000001052                                                                                                                                                                                                                                                                          071122         000001
1021903727600017200000260206200016896                         00000000200124374852000000000000000000000000060204112226/200124300000000200124374852071122000000000203823704159  000000000008200000000000000000000000000000000000000000000000000000000000000000000000000000000000000000000000000000000                          0000000000                                                                  000002
1021903727600017200000260206200016896                         00000000200399768044000000000000000000000000060204112226/200399700000000200399768044071122000000001226623704602  000000000008200000000000000000000000000000000000000000000000000000000000000000000000000000000000000000000000000000000                          0000000000                                                                  000003
1021903727600017200000260206200016896                         00000000200739491824000000000000000000000000060204112226/200739400000000200739491824071122000000000173223704422  000000000008200000000000000000000000000000000000000000000000000000000000000000000000000000000000000000000000000000000                          7600000000                                                                  000004
1021903727600017200000260206200016896                         00000000200979674187000000000000000000000000060204112226/200979600000000200979674187071122000000000613323704602  000000000008200000000000000000000000000000000000000000000000000000000000000000000000000000000000000000000000000000000                          0000000000                                                                  000005
1021903727600017200000260206200016896                         00000000400242242501000000000000000000000000060204112226/400242200000000400242242501071122000000009730023702062  000000000008200000000000000000000000000000000000000000000000000000000000000000000000000000000000000000000000000000000                          0000000000                                                                  000006
1021903727600017200000260206200016896                         00000000400338053068000000000000000000000000060204112226/400338000000000400338053068071122000000000800023704159  000000000008200000000000000000000000000000000000000000000000000000000000000000000000000000000000000000000000000000000                          0000000000                                                                  000007
1021903727600017200000260206200016896                         00000000400575232759000000000000000000000000060204112226/400575200000000400575232759071122000000000800023704158  000000000008200000000000000000000000000000000000000000000000000000000000000000000000000000000000000000000000000000000                          0000000000                                                                  000008
1021903727600017200000260206200016896                         00000000400700348446000000000000000000000000060204112226/400700300000000400700348446071122000000001000023704152  000000000008200000000000000000000000000000000000000000000000000000000000000000000000000000000000000000000000000000000                          0000000000                                                                  000009
1021903727600017200000260206200016896                         00000000400748603804000000000000000000000000060204112226/400748600000000400748603804071122000000001500023704424  000000000008200000000000000000000000000000000000000000000000000000000000000000000000000000000000000000000000000000000                          0000000000                                                                  000010
1021903727600017200000260206200016896                         00000000400841395227000000000000000000000000060204112226/400841300000000400841395227071122000000006000023704157  000000000008200000000000000000000000000000000000000000000000000000000000000000000000000000000000000000000000000000000                          0000000000                                                                  000011
1021903727600017200000260206200016896                         00000000200739491824000000000000000000000000060604112226/200739400000000200739491824071122000000000173210404774  000000000000000000000000000000000000000000000000000000000000000000000000000000000000000173200000000000000000000000000   071122             00000000000000                                                                  000012
1021903727600017200000260206200016896                         00000000400338053068000000000000000000000000060604112226/400338000000000400338053068071122000000000800010400626  000000000000000000000000000000000000000000000000000000000000000000000000000000000000000800000000000000000000000000000   071122             00000000000000                                                                  000013
1021903727600017200000260206200016896                         00000000400575232759000000000000000000000000060604112226/400575200000000400575232759071122000000000800023700365  000000000000000000000000000000000000000000000000000000000000000000000000000000000000000800000000000000000000000000000   071122             00000000000000                                                                  000014
1021903727600017200000260206200016896                         00000000400700348446000000000000000000000000060604112226/400700300000000400700348446071122000000001000023700536  000000000000000000000000000000000000000000000000000000000000000000000000000000000000001000000000000000000000000000000   071122             00000000000000                                                                  000015
1021903727600017200000260206200016896                         00000000400748603804000000000000000000000000060604112226/400748600000000400748603804071122000000001500065500001  000000000000000000000000000000000000000000000000000000000000000000000000000000000000001500000000000000000000000000000   071122             00000000000000                                                                  000016
1021903727600017200000260206200016896                         00000000400841395227000000000000000000000000060604112226/400841300000000400841395227071122000000006000010400389  000000000000000000000000000000000000000000000000000000000000000000000000000000000000006000000000000000000000000000000   071122             00000000000000                                                                  000017
1021903727600017200000260206200016896                         00000000400648900070000000000000000000000000061004112226/400648900000000400648900070040922000000008910023700000  000000000000000000000000000000000000000000000000000000000000000000000000000000000000000000000000000000000000000000000                          1600000000                                                                  000018
1021903727600017200000260206200016896                         00000000400650080749000000000000000000000000061004112226/400650000000000400650080749040922000000003000023700000  000000000000000000000000000000000000000000000000000000000000000000000000000000000000000000000000000000000000000000000                          1600000000                                                                  000019
9201237          000000920000000118990500001052          00010000000220469000000102732000060000001027320000200000011910000000000000000000000000000000000000000000000000000000000000000000000                                                                                                                                                                              00000000000000000000000         000020
