02RETORNO01COBRANCA       00000000000005034448E-PREPAG ADMINISTRADORA DE CAR237BRADESCO       0401220160000000842                                                                                                                                                                                                                                                                          050122         000001
1021903727600017200000260206200016896                         00000000100032392051000000000000000000000000060204012226/100032300000000100032392051040122000000001637823704436  000000000008200000000000000000000000000000000000000000000000000000000000000000000000000000000000000000000000000000000                          0000000000                                                                  000002
1021903727600017200000260206200016896                         00000000100032432630000000000000000000000000060204012226/100032400000000100032432630040122000000002187423704400  000000000008200000000000000000000000000000000000000000000000000000000000000000000000000000000000000000000000000000000                          0000000000                                                                  000003
1021903727600017200000260206200016896                         00000000200458576413000000000000000000000000060204012226/200458500000000200458576413070122000000001135523704147  000000000008200000000000000000000000000000000000000000000000000000000000000000000000000000000000000000000000000000000                          7600000000                                                                  000004
1021903727600017200000260206200016896                         00000000200932246608000000000000000000000000060204012226/200932200000000200932246608070122000000000079923704158  000000000008200000000000000000000000000000000000000000000000000000000000000000000000000000000000000000000000000000000                          0000000000                                                                  000005
1021903727600017200000260206200016896                         00000000200983081239000000000000000000000000060204012226/200983000000000200983081239070122000000000054023704422  000000000008200000000000000000000000000000000000000000000000000000000000000000000000000000000000000000000000000000000                          0000000000                                                                  000006
1021903727600017200000260206200016896                         00000000200997983375000000000000000000000000060204012226/200997900000000200997983375070122000000000463023704400  000000000000000000000000000000000000000000000000000000000000000000000000000000000000000000000000000000000000000000000                          0000000000                                                                  000007
1021903727600017200000260206200016896                         00000000400152321011000000000000000000000000060204012226/400152300000000400152321011070122000000001000023704426  000000000000000000000000000000000000000000000000000000000000000000000000000000000000000000000000000000000000000000000                          0000000000                                                                  000008
1021903727600017200000260206200016896                         00000000400153928157000000000000000000000000060204012226/400153900000000400153928157070122000000000810023702062  000000000008200000000000000000000000000000000000000000000000000000000000000000000000000000000000000000000000000000000                          0000000000                                                                  000009
1021903727600017200000260206200016896                         00000000400162702846000000000000000000000000060204012226/400162700000000400162702846070122000000000800023704422  000000000008200000000000000000000000000000000000000000000000000000000000000000000000000000000000000000000000000000000                          0000000000                                                                  000010
1021903727600017200000260206200016896                         00000000400208774863000000000000000000000000060204012226/400208700000000400208774863070122000000002000023704151  000000000008200000000000000000000000000000000000000000000000000000000000000000000000000000000000000000000000000000000                          0000000000                                                                  000011
1021903727600017200000260206200016896                         0000000040021227199P000000000000000000000000060204012226/40021220000000040021227199P070122000000000840023702062  000000000008200000000000000000000000000000000000000000000000000000000000000000000000000000000000000000000000000000000                          0000000000                                                                  000012
1021903727600017200000260206200016896                         00000000400213572888000000000000000000000000060204012226/400213500000000400213572888070122000000000860023704159  000000000008200000000000000000000000000000000000000000000000000000000000000000000000000000000000000000000000000000000                          0000000000                                                                  000013
1021903727600017200000260206200016896                         0000000040027927165P000000000000000000000000060204012226/40027920000000040027927165P070122000000001070023704400  000000000008200000000000000000000000000000000000000000000000000000000000000000000000000000000000000000000000000000000                          0000000000                                                                  000014
1021903727600017200000260206200016896                         00000000400318458533000000000000000000000000060204012226/400318400000000400318458533070122000000000800023702062  000000000008200000000000000000000000000000000000000000000000000000000000000000000000000000000000000000000000000000000                          0000000000                                                                  000015
1021903727600017200000260206200016896                         00000000400325177558000000000000000000000000060204012226/400325100000000400325177558070122000000000820023702062  000000000008200000000000000000000000000000000000000000000000000000000000000000000000000000000000000000000000000000000                          0000000000                                                                  000016
1021903727600017200000260206200016896                         00000000400345976562000000000000000000000000060204012226/400345900000000400345976562070122000000002850023704158  000000000008200000000000000000000000000000000000000000000000000000000000000000000000000000000000000000000000000000000                          0000000000                                                                  000017
1021903727600017200000260206200016896                         00000000400445795867000000000000000000000000060204012226/400445700000000400445795867070122000000001200023704159  000000000008200000000000000000000000000000000000000000000000000000000000000000000000000000000000000000000000000000000                          0000000000                                                                  000018
1021903727600017200000260206200016896                         00000000400474854945000000000000000000000000060204012226/400474800000000400474854945070122000000000850023702062  000000000008200000000000000000000000000000000000000000000000000000000000000000000000000000000000000000000000000000000                          0000000000                                                                  000019
1021903727600017200000260206200016896                         00000000400481210883000000000000000000000000060204012226/400481200000000400481210883070122000000003800023700321  000000000008200000000000000000000000000000000000000000000000000000000000000000000000000000000000000000000000000000000                          0000000000                                                                  000020
1021903727600017200000260206200016896                         00000000400515628734000000000000000000000000060204012226/400515600000000400515628734070122000000000830023702062  000000000008200000000000000000000000000000000000000000000000000000000000000000000000000000000000000000000000000000000                          0000000000                                                                  000021
1021903727600017200000260206200016896                         00000000400647925363000000000000000000000000060204012226/400647900000000400647925363070122000000000800023704422  000000000008200000000000000000000000000000000000000000000000000000000000000000000000000000000000000000000000000000000                          0000000000                                                                  000022
1021903727600017200000260206200016896                         00000000400662913339000000000000000000000000060204012226/400662900000000400662913339070122000000000800023704422  000000000008200000000000000000000000000000000000000000000000000000000000000000000000000000000000000000000000000000000                          0000000000                                                                  000023
1021903727600017200000260206200016896                         00000000400703813778000000000000000000000000060204012226/400703800000000400703813778070122000000004910023700153  000000000008200000000000000000000000000000000000000000000000000000000000000000000000000000000000000000000000000000000                          0000000000                                                                  000024
1021903727600017200000260206200016896                         00000000400740819646000000000000000000000000060204012226/400740800000000400740819646070122000000008810023704154  000000000008200000000000000000000000000000000000000000000000000000000000000000000000000000000000000000000000000000000                          0000000000                                                                  000025
1021903727600017200000260206200016896                         00000000400820296040000000000000000000000000060204012226/400820200000000400820296040070122000000000800023704422  000000000008200000000000000000000000000000000000000000000000000000000000000000000000000000000000000000000000000000000                          0000000000                                                                  000026
1021903727600017200000260206200016896                         00000000400837141369000000000000000000000000060204012226/400837100000000400837141369070122000000000800023704422  000000000008200000000000000000000000000000000000000000000000000000000000000000000000000000000000000000000000000000000                          0000000000                                                                  000027
1021903727600017200000260206200016896                         0000000040088310737P000000000000000000000000060204012226/40088310000000040088310737P070122000000005000023704426  000000000008200000000000000000000000000000000000000000000000000000000000000000000000000000000000000000000000000000000                          0000000000                                                                  000028
1021903727600017200000260206200016896                         00000000400908312720000000000000000000000000060204012226/400908300000000400908312720070122000000000800023704422  000000000008200000000000000000000000000000000000000000000000000000000000000000000000000000000000000000000000000000000                          0000000000                                                                  000029
1021903727600017200000260206200016896                         00000000400917239033000000000000000000000000060204012226/400917200000000400917239033070122000000008000023700321  000000000008200000000000000000000000000000000000000000000000000000000000000000000000000000000000000000000000000000000                          0000000000                                                                  000030
1021903727600017200000260206200016896                         00000000400987705317000000000000000000000000060204012226/400987700000000400987705317070122000000005000023704143  000000000008200000000000000000000000000000000000000000000000000000000000000000000000000000000000000000000000000000000                          0000000000                                                                  000031
1021903727600017200000260206200016896                         00000000600264097644000000000000000000000000060204012226/600264000000000600264097644070122000000000169923704422  000000000008200000000000000000000000000000000000000000000000000000000000000000000000000000000000000000000000000000000                          0000000000                                                                  000032
1021903727600017200000260206200016896                         00000000600289048486000000000000000000000000060204012226/600289000000000600289048486070122000000000169923704422  000000000008200000000000000000000000000000000000000000000000000000000000000000000000000000000000000000000000000000000                          0000000000                                                                  000033
1021903727600017200000260206200016896                         00000000100032368541000000000000000000000000060604012226/100032300000000100032368541040122000000001530034109926  000000000000000000000000000000000000000000000000000000000000000000000000000000000000001530000000000000000000000000000   050122             00000000000000                                                                  000034
1021903727600017200000260206200016896                         00000000100032392051000000000000000000000000060604012226/100032300000000100032392051040122000000001637863300001  000000000000000000000000000000000000000000000000000000000000000000000000000000000000001637800000000000000000000000000   050122             00000000000000                                                                  000035
1021903727600017200000260206200016896                         00000000100032430999000000000000000000000000060604012226/100032400000000100032430999040122000000011368110404752  000000000000000000000000000000000000000000000000000000000000000000000000000000000000011368100000000000000000000000000   050122             00000000000000                                                                  000036
1021903727600017200000260206200016896                         00000000100032432630000000000000000000000000060604012226/100032400000000100032432630040122000000002187434108570  000000000000000000000000000000000000000000000000000000000000000000000000000000000000002187400000000000000000000000000   050122             00000000000000                                                                  000037
1021903727600017200000260206200016896                         00000000200761463605000000000000000000000000060604012226/200761400000000200761463605060122000000001002310400433  000000000000000000000000000000000000000000000000000000000000000000000000000000000000001002300000000000000000000000000   050122             00000000000000                                                                  000038
1021903727600017200000260206200016896                         00000000200932246608000000000000000000000000060604012226/200932200000000200932246608070122000000000079921200001  000000000000000000000000000000000000000000000000000000000000000000000000000000000000000079900000000000000000000000000   050122             00000000000000                                                                  000039
1021903727600017200000260206200016896                         00000000400153928157000000000000000000000000060604012226/400153900000000400153928157070122000000000810075604327  000000000000000000000000000000000000000000000000000000000000000000000000000000000000000810000000000000000000000000000   050122             00000000000000                                                                  000040
1021903727600017200000260206200016896                         00000000400162702846000000000000000000000000060604012226/400162700000000400162702846070122000000000800065500001  000000000000000000000000000000000000000000000000000000000000000000000000000000000000000800000000000000000000000000000   050122             00000000000000                                                                  000041
1021903727600017200000260206200016896                         00000000400208774863000000000000000000000000060604012226/400208700000000400208774863070122000000002000010400280  000000000000000000000000000000000000000000000000000000000000000000000000000000000000002000000000000000000000000000000   050122             00000000000000                                                                  000042
1021903727600017200000260206200016896                         0000000040021227199P000000000000000000000000060604012226/40021220000000040021227199P070122000000000840075604327  000000000000000000000000000000000000000000000000000000000000000000000000000000000000000840000000000000000000000000000   050122             00000000000000                                                                  000043
1021903727600017200000260206200016896                         0000000040027927165P000000000000000000000000060604012226/40027920000000040027927165P070122000000001070075604327  000000000000000000000000000000000000000000000000000000000000000000000000000000000000001070000000000000000000000000000   050122             00000000000000                                                                  000044
1021903727600017200000260206200016896                         00000000400318458533000000000000000000000000060604012226/400318400000000400318458533070122000000000800075604327  000000000000000000000000000000000000000000000000000000000000000000000000000000000000000800000000000000000000000000000   050122             00000000000000                                                                  000045
1021903727600017200000260206200016896                         00000000400325177558000000000000000000000000060604012226/400325100000000400325177558070122000000000820075604327  000000000000000000000000000000000000000000000000000000000000000000000000000000000000000820000000000000000000000000000   050122             00000000000000                                                                  000046
1021903727600017200000260206200016896                         00000000400445795867000000000000000000000000060604012226/400445700000000400445795867070122000000001200075604327  000000000000000000000000000000000000000000000000000000000000000000000000000000000000001200000000000000000000000000000   050122             00000000000000                                                                  000047
1021903727600017200000260206200016896                         00000000400474854945000000000000000000000000060604012226/400474800000000400474854945070122000000000850075604327  000000000000000000000000000000000000000000000000000000000000000000000000000000000000000850000000000000000000000000000   050122             00000000000000                                                                  000048
1021903727600017200000260206200016896                         00000000400481210883000000000000000000000000060604012226/400481200000000400481210883070122000000003800010401859  000000000000000000000000000000000000000000000000000000000000000000000000000000000000003800000000000000000000000000000   050122             00000000000000                                                                  000049
1021903727600017200000260206200016896                         00000000400515628734000000000000000000000000060604012226/400515600000000400515628734070122000000000830075604327  000000000000000000000000000000000000000000000000000000000000000000000000000000000000000830000000000000000000000000000   050122             00000000000000                                                                  000050
1021903727600017200000260206200016896                         00000000400647925363000000000000000000000000060604012226/400647900000000400647925363070122000000000800065500001  000000000000000000000000000000000000000000000000000000000000000000000000000000000000000800000000000000000000000000000   050122             00000000000000                                                                  000051
1021903727600017200000260206200016896                         00000000400662913339000000000000000000000000060604012226/400662900000000400662913339070122000000000800065500001  000000000000000000000000000000000000000000000000000000000000000000000000000000000000000800000000000000000000000000000   050122             00000000000000                                                                  000052
1021903727600017200000260206200016896                         00000000400694195632000000000000000000000000060604012226/400694100000000400694195632060122000000004000010404354  000000000000000000000000000000000000000000000000000000000000000000000000000000000000004000000000000000000000000000000   050122             00000000000000                                                                  000053
1021903727600017200000260206200016896                         00000000400703813778000000000000000000000000060604012226/400703800000000400703813778070122000000004910023705889  000000000000000000000000000000000000000000000000000000000000000000000000000000000000004910000000000000000000000000000   050122             00000000000000                                                                  000054
1021903727600017200000260206200016896                         00000000400740819646000000000000000000000000060604012226/400740800000000400740819646070122000000008810010400721  000000000000000000000000000000000000000000000000000000000000000000000000000000000000008810000000000000000000000000000   050122             00000000000000                                                                  000055
1021903727600017200000260206200016896                         00000000400820296040000000000000000000000000060604012226/400820200000000400820296040070122000000000800065500001  000000000000000000000000000000000000000000000000000000000000000000000000000000000000000800000000000000000000000000000   050122             00000000000000                                                                  000056
1021903727600017200000260206200016896                         00000000400837141369000000000000000000000000060604012226/400837100000000400837141369070122000000000800065500001  000000000000000000000000000000000000000000000000000000000000000000000000000000000000000800000000000000000000000000000   050122             00000000000000                                                                  000057
1021903727600017200000260206200016896                         00000000400869429984000000000000000000000000060604012226/400869400000000400869429984060122000000008000000100922  000000000000000000000000000000000000000000000000000000000000000000000000000000000000008000000000000000000000000000000   050122             00000000000000                                                                  000058
1021903727600017200000260206200016896                         00000000400908312720000000000000000000000000060604012226/400908300000000400908312720070122000000000800065500001  000000000000000000000000000000000000000000000000000000000000000000000000000000000000000800000000000000000000000000000   050122             00000000000000                                                                  000059
1021903727600017200000260206200016896                         00000000400917239033000000000000000000000000060604012226/400917200000000400917239033070122000000008000007700001  000000000000000000000000000000000000000000000000000000000000000000000000000000000000008000000000000000000000000000000   050122             00000000000000                                                                  000060
1021903727600017200000260206200016896                         00000000400987705317000000000000000000000000060604012226/400987700000000400987705317070122000000005000010403646  000000000000000000000000000000000000000000000000000000000000000000000000000000000000005000000000000000000000000000000   050122             00000000000000                                                                  000061
1021903727600017200000260206200016896                         00000000200417587400000000000000000000000000061004012226/200417500000000200417587400041121000000000301223700000  000000000000000000000000000000000000000000000000000000000000000000000000000000000000000000000000000000000000000000000                          1600000000                                                                  000062
1021903727600017200000260206200016896                         00000000200686689759000000000000000000000000061004012226/200686600000000200686689759041121000000000329923700000  000000000000000000000000000000000000000000000000000000000000000000000000000000000000000000000000000000000000000000000                          1600000000                                                                  000063
1021903727600017200000260206200016896                         0000000020085431071P000000000000000000000000061004012226/20085430000000020085431071P041121000000000189023700000  000000000000000000000000000000000000000000000000000000000000000000000000000000000000000000000000000000000000000000000                          1600000000                                                                  000064
1021903727600017200000260206200016896                         00000000400198851872000000000000000000000000061004012226/400198800000000400198851872041121000000000800023700000  000000000000000000000000000000000000000000000000000000000000000000000000000000000000000000000000000000000000000000000                          1600000000                                                                  000065
1021903727600017200000260206200016896                         00000000400223252474000000000000000000000000061004012226/400223200000000400223252474041121000000000800023700000  000000000000000000000000000000000000000000000000000000000000000000000000000000000000000000000000000000000000000000000                          1600000000                                                                  000066
1021903727600017200000260206200016896                         00000000400382061272000000000000000000000000061004012226/400382000000000400382061272041121000000000800023700000  000000000000000000000000000000000000000000000000000000000000000000000000000000000000000000000000000000000000000000000                          1600000000                                                                  000067
1021903727600017200000260206200016896                         00000000400461029589000000000000000000000000061004012226/400461000000000400461029589041121000000005350023700000  000000000000000000000000000000000000000000000000000000000000000000000000000000000000000000000000000000000000000000000                          1600000000                                                                  000068
1021903727600017200000260206200016896                         0000000040052786381P000000000000000000000000061004012226/40052780000000040052786381P041121000000000800023700000  000000000000000000000000000000000000000000000000000000000000000000000000000000000000000000000000000000000000000000000                          1600000000                                                                  000069
1021903727600017200000260206200016896                         00000000400609403175000000000000000000000000061004012226/400609400000000400609403175041121000000000800023700000  000000000000000000000000000000000000000000000000000000000000000000000000000000000000000000000000000000000000000000000                          1600000000                                                                  000070
1021903727600017200000260206200016896                         00000000400680298749000000000000000000000000061004012226/400680200000000400680298749041121000000000800023700000  000000000000000000000000000000000000000000000000000000000000000000000000000000000000000000000000000000000000000000000                          1600000000                                                                  000071
1021903727600017200000260206200016896                         00000000400761156574000000000000000000000000061004012226/400761100000000400761156574041121000000000800023700000  000000000000000000000000000000000000000000000000000000000000000000000000000000000000000000000000000000000000000000000                          1600000000                                                                  000072
1021903727600017200000260206200016896                         00000000400941534089000000000000000000000000061004012226/400941500000000400941534089041121000000000800023700000  000000000000000000000000000000000000000000000000000000000000000000000000000000000000000000000000000000000000000000000                          1600000000                                                                  000073
1021903727600017200000260206200016896                         00000000400941569826000000000000000000000000061004012226/400941500000000400941569826041121000000001000023700000  000000000000000000000000000000000000000000000000000000000000000000000000000000000000000000000000000000000000000000000                          1600000000                                                                  000074
9201237          000003400000001178163700000842          00032000000601474000000743455000280000007434550001300000013570100000000000000000000000000000000000000000000000000000000000000000000                                                                                                                                                                              00000000000000000000000         000075
