02RETORNO01COBRANCA       00000000000005034448E-PREPAG ADMINISTRADORA DE CAR237BRADESCO       0501220160000000843                                                                                                                                                                                                                                                                          060122         000001
1021903727600017200000260206200016896                         00000000200355560667000000000000000000000000060205012226/200355500000000200355560667080122000000000303423704436  000000000008200000000000000000000000000000000000000000000000000000000000000000000000000000000000000000000000000000000                          0000000000                                                                  000002
1021903727600017200000260206200016896                         00000000200365484373000000000000000000000000060205012226/200365400000000200365484373080122000000001959723700073  000000000008200000000000000000000000000000000000000000000000000000000000000000000000000000000000000000000000000000000                          0000000000                                                                  000003
1021903727600017200000260206200016896                         00000000200386977205000000000000000000000000060205012226/200386900000000200386977205080122000000000332423704152  000000000008200000000000000000000000000000000000000000000000000000000000000000000000000000000000000000000000000000000                          7600000000                                                                  000004
1021903727600017200000260206200016896                         00000000200399941234000000000000000000000000060205012226/200399900000000200399941234080122000000000303423704151  000000000008200000000000000000000000000000000000000000000000000000000000000000000000000000000000000000000000000000000                          0000000000                                                                  000005
1021903727600017200000260206200016896                         00000000200497659075000000000000000000000000060205012226/200497600000000200497659075080122000000000319923704426  000000000008200000000000000000000000000000000000000000000000000000000000000000000000000000000000000000000000000000000                          0000000000                                                                  000006
1021903727600017200000260206200016896                         00000000200843863962000000000000000000000000060205012226/200843800000000200843863962080122000000000269923704452  000000000008200000000000000000000000000000000000000000000000000000000000000000000000000000000000000000000000000000000                          0000000000                                                                  000007
1021903727600017200000260206200016896                         00000000200900387129000000000000000000000000060205012226/200900300000000200900387129080122000000000238723700321  000000000008200000000000000000000000000000000000000000000000000000000000000000000000000000000000000000000000000000000                          0000000000                                                                  000008
1021903727600017200000260206200016896                         00000000400025496988000000000000000000000000060205012226/400025400000000400025496988080122000000001300023704143  000000000008200000000000000000000000000000000000000000000000000000000000000000000000000000000000000000000000000000000                          7600000000                                                                  000009
1021903727600017200000260206200016896                         00000000400196721726000000000000000000000000060205012226/400196700000000400196721726080122000000000800023704151  000000000008200000000000000000000000000000000000000000000000000000000000000000000000000000000000000000000000000000000                          0000000000                                                                  000010
1021903727600017200000260206200016896                         00000000400224839991000000000000000000000000060205012226/400224800000000400224839991080122000000003000023700140  000000000008200000000000000000000000000000000000000000000000000000000000000000000000000000000000000000000000000000000                          0000000000                                                                  000011
1021903727600017200000260206200016896                         00000000400243939964000000000000000000000000060205012226/400243900000000400243939964080122000000000800023704422  000000000008200000000000000000000000000000000000000000000000000000000000000000000000000000000000000000000000000000000                          0000000000                                                                  000012
1021903727600017200000260206200016896                         00000000400291769051000000000000000000000000060205012226/400291700000000400291769051080122000000002000023704151  000000000008200000000000000000000000000000000000000000000000000000000000000000000000000000000000000000000000000000000                          0000000000                                                                  000013
1021903727600017200000260206200016896                         00000000400413580400000000000000000000000000060205012226/400413500000000400413580400080122000000006500023704144  000000000008200000000000000000000000000000000000000000000000000000000000000000000000000000000000000000000000000000000                          0000000000                                                                  000014
1021903727600017200000260206200016896                         00000000400426541323000000000000000000000000060205012226/400426500000000400426541323080122000000004100023704143  000000000008200000000000000000000000000000000000000000000000000000000000000000000000000000000000000000000000000000000                          0000000000                                                                  000015
1021903727600017200000260206200016896                         0000000040042757375P000000000000000000000000060205012226/40042750000000040042757375P080122000000003850023704158  000000000008200000000000000000000000000000000000000000000000000000000000000000000000000000000000000000000000000000000                          0000000000                                                                  000016
1021903727600017200000260206200016896                         00000000400433894894000000000000000000000000060205012226/400433800000000400433894894080122000000001010023704452  000000000008200000000000000000000000000000000000000000000000000000000000000000000000000000000000000000000000000000000                          7600000000                                                                  000017
1021903727600017200000260206200016896                         00000000400572142651000000000000000000000000060205012226/400572100000000400572142651080122000000099000023704151  000000000008200000000000000000000000000000000000000000000000000000000000000000000000000000000000000000000000000000000                          7600000000                                                                  000018
1021903727600017200000260206200016896                         00000000400632670180000000000000000000000000060205012226/400632600000000400632670180080122000000001000023704426  000000000008200000000000000000000000000000000000000000000000000000000000000000000000000000000000000000000000000000000                          0000000000                                                                  000019
1021903727600017200000260206200016896                         0000000040066870314P000000000000000000000000060205012226/40066870000000040066870314P080122000000008000023700321  000000000008200000000000000000000000000000000000000000000000000000000000000000000000000000000000000000000000000000000                          0000000000                                                                  000020
1021903727600017200000260206200016896                         00000000400713153660000000000000000000000000060205012226/400713100000000400713153660080122000000005000023704154  000000000008200000000000000000000000000000000000000000000000000000000000000000000000000000000000000000000000000000000                          0000000000                                                                  000021
1021903727600017200000260206200016896                         00000000400725167063000000000000000000000000060205012226/400725100000000400725167063080122000000001000023704422  000000000008200000000000000000000000000000000000000000000000000000000000000000000000000000000000000000000000000000000                          0000000000                                                                  000022
1021903727600017200000260206200016896                         0000000040073750202P000000000000000000000000060205012226/40073750000000040073750202P080122000000000800023704151  000000000008200000000000000000000000000000000000000000000000000000000000000000000000000000000000000000000000000000000                          0000000000                                                                  000023
1021903727600017200000260206200016896                         00000000400909949048000000000000000000000000060205012226/400909900000000400909949048080122000000004000023700321  000000000008200000000000000000000000000000000000000000000000000000000000000000000000000000000000000000000000000000000                          0000000000                                                                  000024
1021903727600017200000260206200016896                         00000000400965240728000000000000000000000000060205012226/400965200000000400965240728080122000000001370023704452  000000000008200000000000000000000000000000000000000000000000000000000000000000000000000000000000000000000000000000000                          7600000000                                                                  000025
1021903727600017200000260206200016896                         00000000600535157168000000000000000000000000060205012226/600535100000000600535157168080122000000000580023702062  000000000008200000000000000000000000000000000000000000000000000000000000000000000000000000000000000000000000000000000                          7600000000                                                                  000026
1021903727600017200000260206200016896                         00000000200355560667000000000000000000000000060605012226/200355500000000200355560667080122000000000303434100875  000000000000000000000000000000000000000000000000000000000000000000000000000000000000000303400000000000000000000000000   060122             00000000000000                                                                  000027
1021903727600017200000260206200016896                         00000000200386977205000000000000000000000000060605012226/200386900000000200386977205080122000000000332410403127  000000000000000000000000000000000000000000000000000000000000000000000000000000000000000332400000000000000000000000000   060122             00000000000000                                                                  000028
1021903727600017200000260206200016896                         00000000200399941234000000000000000000000000060605012226/200399900000000200399941234080122000000000303434100748  000000000000000000000000000000000000000000000000000000000000000000000000000000000000000303400000000000000000000000000   060122             00000000000000                                                                  000029
1021903727600017200000260206200016896                         00000000200997983375000000000000000000000000060605012226/200997900000000200997983375070122000000000463010400811  000000000000000000000000000000000000000000000000000000000000000000000000000000000000000463000000000000000000000000000   060122             00000000000000                                                                  000030
1021903727600017200000260206200016896                         00000000400025496988000000000000000000000000060605012226/400025400000000400025496988080122000000001300023702151  000000000000000000000000000000000000000000000000000000000000000000000000000000000000001300000000000000000000000000000   060122             00000000000000                                                                  000031
1021903727600017200000260206200016896                         00000000400196721726000000000000000000000000060605012226/400196700000000400196721726080122000000000800063300001  000000000000000000000000000000000000000000000000000000000000000000000000000000000000000800000000000000000000000000000   060122             00000000000000                                                                  000032
1021903727600017200000260206200016896                         00000000400213572888000000000000000000000000060605012226/400213500000000400213572888070122000000000860026000001  000000000000000000000000000000000000000000000000000000000000000000000000000000000000000860000000000000000000000000000   060122             00000000000000                                                                  000033
1021903727600017200000260206200016896                         00000000400224839991000000000000000000000000060605012226/400224800000000400224839991080122000000003000075604327  000000000000000000000000000000000000000000000000000000000000000000000000000000000000003000000000000000000000000000000   060122             00000000000000                                                                  000034
1021903727600017200000260206200016896                         00000000400243939964000000000000000000000000060605012226/400243900000000400243939964080122000000000800000103192  000000000000000000000000000000000000000000000000000000000000000000000000000000000000000800000000000000000000000000000   060122             00000000000000                                                                  000035
1021903727600017200000260206200016896                         00000000400291769051000000000000000000000000060605012226/400291700000000400291769051080122000000002000010400280  000000000000000000000000000000000000000000000000000000000000000000000000000000000000002000000000000000000000000000000   060122             00000000000000                                                                  000036
1021903727600017200000260206200016896                         00000000400358224772000000000000000000000000060605012226/400358200000000400358224772060122000000012000010400718  000000000000000000000000000000000000000000000000000000000000000000000000000000000000012000000000000000000000000000000   060122             00000000000000                                                                  000037
1021903727600017200000260206200016896                         00000000400413580400000000000000000000000000060605012226/400413500000000400413580400080122000000006500010400397  000000000000000000000000000000000000000000000000000000000000000000000000000000000000006500000000000000000000000000000   060122             00000000000000                                                                  000038
1021903727600017200000260206200016896                         00000000400426541323000000000000000000000000060605012226/400426500000000400426541323080122000000004100010400627  000000000000000000000000000000000000000000000000000000000000000000000000000000000000004100000000000000000000000000000   060122             00000000000000                                                                  000039
1021903727600017200000260206200016896                         0000000040042757375P000000000000000000000000060605012226/40042750000000040042757375P080122000000003850000102020  000000000000000000000000000000000000000000000000000000000000000000000000000000000000003850000000000000000000000000000   060122             00000000000000                                                                  000040
1021903727600017200000260206200016896                         00000000400433894894000000000000000000000000060605012226/400433800000000400433894894080122000000001010075604327  000000000000000000000000000000000000000000000000000000000000000000000000000000000000001010000000000000000000000000000   060122             00000000000000                                                                  000041
1021903727600017200000260206200016896                         00000000400572142651000000000000000000000000060605012226/400572100000000400572142651080122000000099000021200001  000000000000000000000000000000000000000000000000000000000000000000000000000000000000099000000000000000000000000000000   060122             00000000000000                                                                  000042
1021903727600017200000260206200016896                         00000000400632670180000000000000000000000000060605012226/400632600000000400632670180080122000000001000010403711  000000000000000000000000000000000000000000000000000000000000000000000000000000000000001000000000000000000000000000000   060122             00000000000000                                                                  000043
1021903727600017200000260206200016896                         0000000040066870314P000000000000000000000000060605012226/40066870000000040066870314P080122000000008000007700001  000000000000000000000000000000000000000000000000000000000000000000000000000000000000008000000000000000000000000000000   060122             00000000000000                                                                  000044
1021903727600017200000260206200016896                         00000000400713153660000000000000000000000000060605012226/400713100000000400713153660080122000000005000002100153  000000000000000000000000000000000000000000000000000000000000000000000000000000000000005000000000000000000000000000000   060122             00000000000000                                                                  000045
1021903727600017200000260206200016896                         0000000040073750202P000000000000000000000000060605012226/40073750000000040073750202P080122000000000800010403498  000000000000000000000000000000000000000000000000000000000000000000000000000000000000000800000000000000000000000000000   060122             00000000000000                                                                  000046
1021903727600017200000260206200016896                         00000000400909949048000000000000000000000000060605012226/400909900000000400909949048080122000000004000007700001  000000000000000000000000000000000000000000000000000000000000000000000000000000000000004000000000000000000000000000000   060122             00000000000000                                                                  000047
1021903727600017200000260206200016896                         00000000400965240728000000000000000000000000060605012226/400965200000000400965240728080122000000001370075604327  000000000000000000000000000000000000000000000000000000000000000000000000000000000000001370000000000000000000000000000   060122             00000000000000                                                                  000048
1021903727600017200000260206200016896                         00000000600535157168000000000000000000000000060605012226/600535100000000600535157168080122000000000580065500001  000000000000000000000000000000000000000000000000000000000000000000000000000000000000000580000000000000000000000000000   060122             00000000000000                                                                  000049
1021903727600017200000260206200016896                         00000000200038328899000000000000000000000000061005012226/200038300000000200038328899051121000000002000023700000  000000000000000000000000000000000000000000000000000000000000000000000000000000000000000000000000000000000000000000000                          1600000000                                                                  000050
1021903727600017200000260206200016896                         00000000200224109137000000000000000000000000061005012226/200224100000000200224109137051121000000000389123700000  000000000000000000000000000000000000000000000000000000000000000000000000000000000000000000000000000000000000000000000                          1600000000                                                                  000051
1021903727600017200000260206200016896                         00000000200469494192000000000000000000000000061005012226/200469400000000200469494192051121000000001022523700000  000000000000000000000000000000000000000000000000000000000000000000000000000000000000000000000000000000000000000000000                          1600000000                                                                  000052
1021903727600017200000260206200016896                         00000000400721736535000000000000000000000000061005012226/400721700000000400721736535051121000000001500023700000  000000000000000000000000000000000000000000000000000000000000000000000000000000000000000000000000000000000000000000000                          1600000000                                                                  000053
1021903727600017200000260206200016896                         00000000600842316362000000000000000000000000061005012226/600842300000000600842316362051121000000001500023700000  000000000000000000000000000000000000000000000000000000000000000000000000000000000000000000000000000000000000000000000                          1600000000                                                                  000054
9201237          000003370000001162217300000843          00025000001478374000001573722000230000015737220000500000006411600000000000000000000000000000000000000000000000000000000000000000000                                                                                                                                                                              00000000000000000000000         000055
