02RETORNO01COBRANCA       00000000000005034448E-PREPAG ADMINISTRADORA DE CAR237BRADESCO       0511210160000000802                                                                                                                                                                                                                                                                          081121         000001
1021903727600017200000260206200016896                         00000000200520783080000000000000000000000000060205112126/200520700000000200520783080081121000000000269923704428  000000000008200000000000000000000000000000000000000000000000000000000000000000000000000000000000000000000000000000000                          0000000000                                                                  000002
1021903727600017200000260206200016896                         00000000400053668468000000000000000000000000060205112126/400053600000000400053668468081121000000005000023704159  000000000008200000000000000000000000000000000000000000000000000000000000000000000000000000000000000000000000000000000                          0000000000                                                                  000003
1021903727600017200000260206200016896                         00000000400107776350000000000000000000000000060205112126/400107700000000400107776350081121000000001020023700140  000000000008200000000000000000000000000000000000000000000000000000000000000000000000000000000000000000000000000000000                          0000000000                                                                  000004
1021903727600017200000260206200016896                         00000000400153940696000000000000000000000000060205112126/400153900000000400153940696081121000000002000023704452  000000000008200000000000000000000000000000000000000000000000000000000000000000000000000000000000000000000000000000000                          0000000000                                                                  000005
1021903727600017200000260206200016896                         00000000400244228476000000000000000000000000060205112126/400244200000000400244228476081121000000003000023703109  000000000008200000000000000000000000000000000000000000000000000000000000000000000000000000000000000000000000000000000                          0000000000                                                                  000006
1021903727600017200000260206200016896                         0000000040025433259P000000000000000000000000060205112126/40025430000000040025433259P081121000000010020023700140  000000000008200000000000000000000000000000000000000000000000000000000000000000000000000000000000000000000000000000000                          0000000000                                                                  000007
1021903727600017200000260206200016896                         00000000400275296186000000000000000000000000060205112126/400275200000000400275296186081121000000004000023702062  000000000008200000000000000000000000000000000000000000000000000000000000000000000000000000000000000000000000000000000                          0000000000                                                                  000008
1021903727600017200000260206200016896                         00000000400295863508000000000000000000000000060205112126/400295800000000400295863508081121000000003500023700320  000000000008200000000000000000000000000000000000000000000000000000000000000000000000000000000000000000000000000000000                          0000000000                                                                  000009
1021903727600017200000260206200016896                         00000000400427938901000000000000000000000000060205112126/400427900000000400427938901081121000000009800023704157  000000000008200000000000000000000000000000000000000000000000000000000000000000000000000000000000000000000000000000000                          0000000000                                                                  000010
1021903727600017200000260206200016896                         00000000400430908401000000000000000000000000060205112126/400430900000000400430908401081121000000090000023704151  000000000008200000000000000000000000000000000000000000000000000000000000000000000000000000000000000000000000000000000                          7600000000                                                                  000011
1021903727600017200000260206200016896                         0000000040044103179P000000000000000000000000060205112126/40044100000000040044103179P081121000000004500023704157  000000000008200000000000000000000000000000000000000000000000000000000000000000000000000000000000000000000000000000000                          0000000000                                                                  000012
1021903727600017200000260206200016896                         00000000400503772848000000000000000000000000060205112126/400503700000000400503772848081121000000003000023704152  000000000008200000000000000000000000000000000000000000000000000000000000000000000000000000000000000000000000000000000                          0000000000                                                                  000013
1021903727600017200000260206200016896                         00000000400512358736000000000000000000000000060205112126/400512300000000400512358736081121000000012000023704154  000000000008200000000000000000000000000000000000000000000000000000000000000000000000000000000000000000000000000000000                          0000000000                                                                  000014
1021903727600017200000260206200016896                         00000000400631464005000000000000000000000000060205112126/400631400000000400631464005081121000000001000023700140  000000000008200000000000000000000000000000000000000000000000000000000000000000000000000000000000000000000000000000000                          0000000000                                                                  000015
1021903727600017200000260206200016896                         00000000400711107335000000000000000000000000060205112126/400711100000000400711107335081121000000001500023704143  000000000008200000000000000000000000000000000000000000000000000000000000000000000000000000000000000000000000000000000                          0000000000                                                                  000016
1021903727600017200000260206200016896                         00000000400751699758000000000000000000000000060205112126/400751600000000400751699758081121000000001390023704159  000000000008200000000000000000000000000000000000000000000000000000000000000000000000000000000000000000000000000000000                          0000000000                                                                  000017
1021903727600017200000260206200016896                         00000000400767999778000000000000000000000000060205112126/400767900000000400767999778081121000000002000023704151  000000000008200000000000000000000000000000000000000000000000000000000000000000000000000000000000000000000000000000000                          0000000000                                                                  000018
1021903727600017200000260206200016896                         00000000400779728915000000000000000000000000060205112126/400779700000000400779728915081121000000005560023704151  000000000008200000000000000000000000000000000000000000000000000000000000000000000000000000000000000000000000000000000                          0000000000                                                                  000019
1021903727600017200000260206200016896                         00000000400807940100000000000000000000000000060205112126/400807900000000400807940100081121000000009990023704157  000000000008200000000000000000000000000000000000000000000000000000000000000000000000000000000000000000000000000000000                          0000000000                                                                  000020
1021903727600017200000260206200016896                         00000000400839624375000000000000000000000000060205112126/400839600000000400839624375081121000000001000023704452  000000000008200000000000000000000000000000000000000000000000000000000000000000000000000000000000000000000000000000000                          0000000000                                                                  000021
1021903727600017200000260206200016896                         00000000400845569734000000000000000000000000060205112126/400845500000000400845569734081121000000006000023704144  000000000008200000000000000000000000000000000000000000000000000000000000000000000000000000000000000000000000000000000                          0000000000                                                                  000022
1021903727600017200000260206200016896                         00000000400870237371000000000000000000000000060205112126/400870200000000400870237371081121000000012000023704143  000000000008200000000000000000000000000000000000000000000000000000000000000000000000000000000000000000000000000000000                          0000000000                                                                  000023
1021903727600017200000260206200016896                         00000000400910452963000000000000000000000000060205112126/400910400000000400910452963081121000000012000023704158  000000000008200000000000000000000000000000000000000000000000000000000000000000000000000000000000000000000000000000000                          0000000000                                                                  000024
1021903727600017200000260206200016896                         00000000400956784634000000000000000000000000060205112126/400956700000000400956784634081121000000014000023704157  000000000008200000000000000000000000000000000000000000000000000000000000000000000000000000000000000000000000000000000                          0000000000                                                                  000025
1021903727600017200000260206200016896                         00000000400987641483000000000000000000000000060205112126/400987600000000400987641483081121000000009900023704157  000000000008200000000000000000000000000000000000000000000000000000000000000000000000000000000000000000000000000000000                          0000000000                                                                  000026
1021903727600017200000260206200016896                         00000000600256146520000000000000000000000000060205112126/600256100000000600256146520081121000000000069923704422  000000000008200000000000000000000000000000000000000000000000000000000000000000000000000000000000000000000000000000000                          0000000000                                                                  000027
1021903727600017200000260206200016896                         0000000060059321967P000000000000000000000000060205112126/60059320000000060059321967P081121000000001200023704151  000000000008200000000000000000000000000000000000000000000000000000000000000000000000000000000000000000000000000000000                          0000000000                                                                  000028
1021903727600017200000260206200016896                         00000000400107776350000000000000000000000000060605112126/400107700000000400107776350081121000000001020075604327  000000000000000000000000000000000000000000000000000000000000000000000000000000000000001020000000000000000000000000000   081121             00000000000000                                                                  000029
1021903727600017200000260206200016896                         00000000400153940696000000000000000000000000060605112126/400153900000000400153940696081121000000002000065500001  000000000000000000000000000000000000000000000000000000000000000000000000000000000000002000000000000000000000000000000   081121             00000000000000                                                                  000030
1021903727600017200000260206200016896                         00000000400244228476000000000000000000000000060605112126/400244200000000400244228476081121000000003000063300001  000000000000000000000000000000000000000000000000000000000000000000000000000000000000003000000000000000000000000000000   081121             00000000000000                                                                  000031
1021903727600017200000260206200016896                         0000000040025433259P000000000000000000000000060605112126/40025430000000040025433259P081121000000010020007000268  000000000000000000000000000000000000000000000000000000000000000000000000000000000000010020000000000000000000000000000   081121             00000000000000                                                                  000032
1021903727600017200000260206200016896                         00000000400275296186000000000000000000000000060605112126/400275200000000400275296186081121000000004000063300001  000000000000000000000000000000000000000000000000000000000000000000000000000000000000004000000000000000000000000000000   081121             00000000000000                                                                  000033
1021903727600017200000260206200016896                         00000000400295863508000000000000000000000000060605112126/400295800000000400295863508081121000000003500023703733  000000000000000000000000000000000000000000000000000000000000000000000000000000000000003500000000000000000000000000000   081121             00000000000000                                                                  000034
1021903727600017200000260206200016896                         00000000400427938901000000000000000000000000060605112126/400427900000000400427938901081121000000009800026000001  000000000000000000000000000000000000000000000000000000000000000000000000000000000000009800000000000000000000000000000   081121             00000000000000                                                                  000035
1021903727600017200000260206200016896                         00000000400430908401000000000000000000000000060605112126/400430900000000400430908401081121000000090000033600001  000000000000000000000000000000000000000000000000000000000000000000000000000000000000090000000000000000000000000000000   081121             00000000000000                                                                  000036
1021903727600017200000260206200016896                         00000000400503772848000000000000000000000000060605112126/400503700000000400503772848081121000000003000023700536  000000000000000000000000000000000000000000000000000000000000000000000000000000000000003000000000000000000000000000000   081121             00000000000000                                                                  000037
1021903727600017200000260206200016896                         00000000400512358736000000000000000000000000060605112126/400512300000000400512358736081121000000012000002100133  000000000000000000000000000000000000000000000000000000000000000000000000000000000000012000000000000000000000000000000   081121             00000000000000                                                                  000038
1021903727600017200000260206200016896                         00000000400631464005000000000000000000000000060605112126/400631400000000400631464005081121000000001000075604327  000000000000000000000000000000000000000000000000000000000000000000000000000000000000001000000000000000000000000000000   081121             00000000000000                                                                  000039
1021903727600017200000260206200016896                         00000000400682439463000000000000000000000000060605112126/400682400000000400682439463071121000000001500010403880  000000000000000000000000000000000000000000000000000000000000000000000000000000000000001500000000000000000000000000000   081121             00000000000000                                                                  000040
1021903727600017200000260206200016896                         00000000400711107335000000000000000000000000060605112126/400711100000000400711107335081121000000001500008501071  000000000000000000000000000000000000000000000000000000000000000000000000000000000000001500000000000000000000000000000   081121             00000000000000                                                                  000041
1021903727600017200000260206200016896                         00000000400751699758000000000000000000000000060605112126/400751600000000400751699758081121000000001390075604327  000000000000000000000000000000000000000000000000000000000000000000000000000000000000001390000000000000000000000000000   081121             00000000000000                                                                  000042
1021903727600017200000260206200016896                         00000000400767999778000000000000000000000000060605112126/400767900000000400767999778081121000000002000023701296  000000000000000000000000000000000000000000000000000000000000000000000000000000000000002000000000000000000000000000000   081121             00000000000000                                                                  000043
1021903727600017200000260206200016896                         00000000400779728915000000000000000000000000060605112126/400779700000000400779728915081121000000005560010400362  000000000000000000000000000000000000000000000000000000000000000000000000000000000000005560000000000000000000000000000   081121             00000000000000                                                                  000044
1021903727600017200000260206200016896                         00000000400807940100000000000000000000000000060605112126/400807900000000400807940100081121000000009990007700001  000000000000000000000000000000000000000000000000000000000000000000000000000000000000009990000000000000000000000000000   081121             00000000000000                                                                  000045
1021903727600017200000260206200016896                         00000000400839624375000000000000000000000000060605112126/400839600000000400839624375081121000000001000021200001  000000000000000000000000000000000000000000000000000000000000000000000000000000000000001000000000000000000000000000000   081121             00000000000000                                                                  000046
1021903727600017200000260206200016896                         00000000400845569734000000000000000000000000060605112126/400845500000000400845569734081121000000006000010400397  000000000000000000000000000000000000000000000000000000000000000000000000000000000000006000000000000000000000000000000   081121             00000000000000                                                                  000047
1021903727600017200000260206200016896                         00000000400870237371000000000000000000000000060605112126/400870200000000400870237371081121000000012000010403130  000000000000000000000000000000000000000000000000000000000000000000000000000000000000012000000000000000000000000000000   081121             00000000000000                                                                  000048
1021903727600017200000260206200016896                         00000000400910452963000000000000000000000000060605112126/400910400000000400910452963081121000000012000023700048  000000000000000000000000000000000000000000000000000000000000000000000000000000000000012000000000000000000000000000000   081121             00000000000000                                                                  000049
1021903727600017200000260206200016896                         00000000400987641483000000000000000000000000060605112126/400987600000000400987641483081121000000009900023703929  000000000000000000000000000000000000000000000000000000000000000000000000000000000000009900000000000000000000000000000   081121             00000000000000                                                                  000050
1021903727600017200000260206200016896                         00000000600256146520000000000000000000000000060605112126/600256100000000600256146520081121000000000069903301136  000000000000000000000000000000000000000000000000000000000000000000000000000000000000000069900000000000000000000000000   081121             00000000000000                                                                  000051
1021903727600017200000260206200016896                         0000000060059321967P000000000000000000000000060605112126/60059320000000060059321967P081121000000001200034100022  000000000000000000000000000000000000000000000000000000000000000000000000000000000000001200000000000000000000000000000   081121             00000000000000                                                                  000052
1021903727600017200000260206200016896                         00000000200805021184000000000000000000000000061005112126/200805000000000200805021184050921000000000500023700000  000000000000000000000000000000000000000000000000000000000000000000000000000000000000000000000000000000000000000000000                          1600000000                                                                  000053
1021903727600017200000260206200016896                         00000000200971831755000000000000000000000000061005112126/200971800000000200971831755050921000000006000023700000  000000000000000000000000000000000000000000000000000000000000000000000000000000000000000000000000000000000000000000000                          1600000000                                                                  000054
1021903727600017200000260206200016896                         00000000400947369756000000000000000000000000061005112126/400947300000000400947369756050921000000000800023700000  000000000000000000000000000000000000000000000000000000000000000000000000000000000000000000000000000000000000000000000                          1600000000                                                                  000055
1021903727600017200000260206200016896                         00000000400992852077000000000000000000000000061005112126/400992800000000400992852077050921000000003000023700000  000000000000000000000000000000000000000000000000000000000000000000000000000000000000000000000000000000000000000000000                          1600000000                                                                  000056
1021903727600017200000260206200016896                         00000000600145410504000000000000000000000000061005112126/600145400000000600145410504050921000000000149923700000  000000000000000000000000000000000000000000000000000000000000000000000000000000000000000000000000000000000000000000000                          1600000000                                                                  000057
1021903727600017200000260206200016896                         00000000600313429615000000000000000000000000061005112126/600313400000000600313429615050921000000000169923700000  000000000000000000000000000000000000000000000000000000000000000000000000000000000000000000000000000000000000000000000                          1600000000                                                                  000058
1021903727600017200000260206200016896                         00000000600456838672000000000000000000000000061005112126/600456800000000600456838672050921000000000149923700000  000000000000000000000000000000000000000000000000000000000000000000000000000000000000000000000000000000000000000000000                          1600000000                                                                  000059
1021903727600017200000260206200016896                         00000000600541224756000000000000000000000000061005112126/600541200000000600541224756050921000000001360023700000  000000000000000000000000000000000000000000000000000000000000000000000000000000000000000000000000000000000000000000000                          1600000000                                                                  000060
1021903727600017200000260206200016896                         00000000600728693601000000000000000000000000061005112126/600728600000000600728693601050921000000000269923700000  000000000000000000000000000000000000000000000000000000000000000000000000000000000000000000000000000000000000000000000                          1600000000                                                                  000061
1021903727600017200000260206200016896                         00000000600816868713000000000000000000000000061005112126/600816800000000600816868713050921000000000149923700000  000000000000000000000000000000000000000000000000000000000000000000000000000000000000000000000000000000000000000000000                          1600000000                                                                  000062
9201237          000003690000000892498400000802          00027000002257198000002034499000240000020344990001000000012549500000000000000000000000000000000000000000000000000000000000000000000                                                                                                                                                                              00000000000000000000000         000063
