02RETORNO01COBRANCA       00000000000005034448E-PREPAG ADMINISTRADORA DE CAR237BRADESCO       0508220160000000990                                                                                                                                                                                                                                                                          080822         000001
1021903727600017200000260206200016896                         00000000200051746365000000000000000000000000060205082226/200051700000000200051746365080822000000000938223704144  000000000008200000000000000000000000000000000000000000000000000000000000000000000000000000000000000000000000000000000                          7600000000                                                                  000002
1021903727600017200000260206200016896                         00000000200111452757000000000000000000000000060205082226/200111400000000200111452757080822000000000426423704143  000000000008200000000000000000000000000000000000000000000000000000000000000000000000000000000000000000000000000000000                          0000000000                                                                  000003
1021903727600017200000260206200016896                         00000000200656286323000000000000000000000000060205082226/200656200000000200656286323080822000000000238823704159  000000000008200000000000000000000000000000000000000000000000000000000000000000000000000000000000000000000000000000000                          7600000000                                                                  000004
1021903727600017200000260206200016896                         00000000400348485748000000000000000000000000060205082226/400348400000000400348485748080822000000099000023704151  000000000008200000000000000000000000000000000000000000000000000000000000000000000000000000000000000000000000000000000                          7600000000                                                                  000005
1021903727600017200000260206200016896                         00000000400408627989000000000000000000000000060205082226/400408600000000400408627989080822000000002000023700140  000000000008200000000000000000000000000000000000000000000000000000000000000000000000000000000000000000000000000000000                          0000000000                                                                  000006
1021903727600017200000260206200016896                         00000000400429359593000000000000000000000000060205082226/400429300000000400429359593080822000000006800023704157  000000000008200000000000000000000000000000000000000000000000000000000000000000000000000000000000000000000000000000000                          0000000000                                                                  000007
1021903727600017200000260206200016896                         00000000400674458637000000000000000000000000060205082226/400674400000000400674458637080822000000000800023704159  000000000008200000000000000000000000000000000000000000000000000000000000000000000000000000000000000000000000000000000                          0000000000                                                                  000008
1021903727600017200000260206200016896                         00000000400687706486000000000000000000000000060205082226/400687700000000400687706486080822000000000820023704159  000000000008200000000000000000000000000000000000000000000000000000000000000000000000000000000000000000000000000000000                          0000000000                                                                  000009
1021903727600017200000260206200016896                         00000000400776225181000000000000000000000000060205082226/400776200000000400776225181080822000000000850023704159  000000000008200000000000000000000000000000000000000000000000000000000000000000000000000000000000000000000000000000000                          0000000000                                                                  000010
1021903727600017200000260206200016896                         00000000400925951818000000000000000000000000060205082226/400925900000000400925951818080822000000001400023704159  000000000008200000000000000000000000000000000000000000000000000000000000000000000000000000000000000000000000000000000                          0000000000                                                                  000011
1021903727600017200000260206200016896                         00000000200109083701000000000000000000000000060605082226/200109000000000200109083701070822000000000631900103201  000000000000000000000000000000000000000000000000000000000000000000000000000000000000000631900000000000000000000000000   080822             00000000000000                                                                  000012
1021903727600017200000260206200016896                         00000000200800583850000000000000000000000000060605082226/200800500000000200800583850060822000000000335934100748  000000000000000000000000000000000000000000000000000000000000000000000000000000000000000335900000000000000000000000000   080822             00000000000000                                                                  000013
1021903727600017200000260206200016896                         00000000400348485748000000000000000000000000060605082226/400348400000000400348485748080822000000099000032300001  000000000000000000000000000000000000000000000000000000000000000000000000000000000000099000000000000000000000000000000   080822             00000000000000                                                                  000014
1021903727600017200000260206200016896                         00000000400408627989000000000000000000000000060605082226/400408600000000400408627989080822000000002000075604327  000000000000000000000000000000000000000000000000000000000000000000000000000000000000002000000000000000000000000000000   080822             00000000000000                                                                  000015
1021903727600017200000260206200016896                         00000000400429359593000000000000000000000000060605082226/400429300000000400429359593080822000000006800007700001  000000000000000000000000000000000000000000000000000000000000000000000000000000000000006800000000000000000000000000000   080822             00000000000000                                                                  000016
1021903727600017200000260206200016896                         00000000400674458637000000000000000000000000060605082226/400674400000000400674458637080822000000000800063300001  000000000000000000000000000000000000000000000000000000000000000000000000000000000000000800000000000000000000000000000   080822             00000000000000                                                                  000017
1021903727600017200000260206200016896                         00000000400687706486000000000000000000000000060605082226/400687700000000400687706486080822000000000820063300001  000000000000000000000000000000000000000000000000000000000000000000000000000000000000000820000000000000000000000000000   080822             00000000000000                                                                  000018
1021903727600017200000260206200016896                         00000000400776225181000000000000000000000000060605082226/400776200000000400776225181080822000000000850063300001  000000000000000000000000000000000000000000000000000000000000000000000000000000000000000850000000000000000000000000000   080822             00000000000000                                                                  000019
1021903727600017200000260206200016896                         00000000400925951818000000000000000000000000060605082226/400925900000000400925951818080822000000001400075604327  000000000000000000000000000000000000000000000000000000000000000000000000000000000000001400000000000000000000000000000   080822             00000000000000                                                                  000020
1021903727600017200000260206200016896                         00000000200902079839000000000000000000000000061005082226/200902000000000200902079839050622000000000269923700000  000000000000000000000000000000000000000000000000000000000000000000000000000000000000000000000000000000000000000000000                          1600000000                                                                  000021
1021903727600017200000260206200016896                         00000000200937855718000000000000000000000000061005082226/200937800000000200937855718050622000000005375223700000  000000000000000000000000000000000000000000000000000000000000000000000000000000000000000000000000000000000000000000000                          1600000000                                                                  000022
1021903727600017200000260206200016896                         00000000400831793607000000000000000000000000061005082226/400831700000000400831793607050622000000020480023700000  000000000000000000000000000000000000000000000000000000000000000000000000000000000000000000000000000000000000000000000                          1600000000                                                                  000023
9201237          000001660000000359267100000990          00010000001132734000001126378000090000011263780000300000026125100000000000000000000000000000000000000000000000000000000000000000000                                                                                                                                                                              00000000000000000000000         000024
