02RETORNO01COBRANCA       00000000000005034448E-PREPAG ADMINISTRADORA DE CAR237BRADESCO       0510210160000000781                                                                                                                                                                                                                                                                          061021         000001
1021903727600017200000260206200016896                         00000000100031537234000000000000000000000000060205102126/100031500000000100031537234051021000000015587223704159  000000000008200000000000000000000000000000000000000000000000000000000000000000000000000000000000000000000000000000000                          0000000000                                                                  000002
1021903727600017200000260206200016896                         00000000200378199562000000000000000000000000060205102126/200378100000000200378199562081021000000000128223700073  000000000008200000000000000000000000000000000000000000000000000000000000000000000000000000000000000000000000000000000                          0000000000                                                                  000003
1021903727600017200000260206200016896                         00000000200658800261000000000000000000000000060205102126/200658800000000200658800261081021000000000373523704422  000000000008200000000000000000000000000000000000000000000000000000000000000000000000000000000000000000000000000000000                          0000000000                                                                  000004
1021903727600017200000260206200016896                         00000000400014007748000000000000000000000000060205102126/400014000000000400014007748081021000000005000023700321  000000000008200000000000000000000000000000000000000000000000000000000000000000000000000000000000000000000000000000000                          0000000000                                                                  000005
1021903727600017200000260206200016896                         00000000400121539485000000000000000000000000060205102126/400121500000000400121539485081021000000002500023704144  000000000008200000000000000000000000000000000000000000000000000000000000000000000000000000000000000000000000000000000                          0000000000                                                                  000006
1021903727600017200000260206200016896                         00000000400195752989000000000000000000000000060205102126/400195700000000400195752989081021000000100000023704143  000000000008200000000000000000000000000000000000000000000000000000000000000000000000000000000000000000000000000000000                          7600000000                                                                  000007
1021903727600017200000260206200016896                         00000000400201032454000000000000000000000000060205102126/400201000000000400201032454081021000000001000023704151  000000000008200000000000000000000000000000000000000000000000000000000000000000000000000000000000000000000000000000000                          0000000000                                                                  000008
1021903727600017200000260206200016896                         00000000400228265787000000000000000000000000060205102126/400228200000000400228265787081021000000005000023704143  000000000008200000000000000000000000000000000000000000000000000000000000000000000000000000000000000000000000000000000                          0000000000                                                                  000009
1021903727600017200000260206200016896                         00000000400285498259000000000000000000000000060205102126/400285400000000400285498259081021000000001410023704143  000000000008200000000000000000000000000000000000000000000000000000000000000000000000000000000000000000000000000000000                          7600000000                                                                  000010
1021903727600017200000260206200016896                         00000000400328605291000000000000000000000000060205102126/400328600000000400328605291081021000000008740023704154  000000000008200000000000000000000000000000000000000000000000000000000000000000000000000000000000000000000000000000000                          0000000000                                                                  000011
1021903727600017200000260206200016896                         00000000400339781792000000000000000000000000060205102126/400339700000000400339781792081021000000000800023704452  000000000008200000000000000000000000000000000000000000000000000000000000000000000000000000000000000000000000000000000                          0000000000                                                                  000012
1021903727600017200000260206200016896                         00000000400375072021000000000000000000000000060205102126/400375000000000400375072021081021000000001240023700140  000000000008200000000000000000000000000000000000000000000000000000000000000000000000000000000000000000000000000000000                          0000000000                                                                  000013
1021903727600017200000260206200016896                         00000000400406919036000000000000000000000000060205102126/400406900000000400406919036081021000000000800023702062  000000000008200000000000000000000000000000000000000000000000000000000000000000000000000000000000000000000000000000000                          0000000000                                                                  000014
1021903727600017200000260206200016896                         00000000400492551674000000000000000000000000060205102126/400492500000000400492551674081021000000000800023704159  000000000008200000000000000000000000000000000000000000000000000000000000000000000000000000000000000000000000000000000                          0000000000                                                                  000015
1021903727600017200000260206200016896                         00000000400553010655000000000000000000000000060205102126/400553000000000400553010655081021000000000800023704151  000000000008200000000000000000000000000000000000000000000000000000000000000000000000000000000000000000000000000000000                          0000000000                                                                  000016
1021903727600017200000260206200016896                         00000000400629086109000000000000000000000000060205102126/400629000000000400629086109081021000000004200023704159  000000000008200000000000000000000000000000000000000000000000000000000000000000000000000000000000000000000000000000000                          0000000000                                                                  000017
1021903727600017200000260206200016896                         00000000400647111900000000000000000000000000060205102126/400647100000000400647111900081021000000011980023704151  000000000008200000000000000000000000000000000000000000000000000000000000000000000000000000000000000000000000000000000                          0000000000                                                                  000018
1021903727600017200000260206200016896                         00000000400733927727000000000000000000000000060205102126/400733900000000400733927727081021000000001000023700405  000000000008200000000000000000000000000000000000000000000000000000000000000000000000000000000000000000000000000000000                          0000000000                                                                  000019
1021903727600017200000260206200016896                         00000000400737325195000000000000000000000000060205102126/400737300000000400737325195081021000000000800023700320  000000000008200000000000000000000000000000000000000000000000000000000000000000000000000000000000000000000000000000000                          0000000000                                                                  000020
1021903727600017200000260206200016896                         00000000400775913351000000000000000000000000060205102126/400775900000000400775913351081021000000001500023702062  000000000008200000000000000000000000000000000000000000000000000000000000000000000000000000000000000000000000000000000                          0000000000                                                                  000021
1021903727600017200000260206200016896                         00000000400798900397000000000000000000000000060205102126/400798900000000400798900397081021000000007460023704143  000000000008200000000000000000000000000000000000000000000000000000000000000000000000000000000000000000000000000000000                          0000000000                                                                  000022
1021903727600017200000260206200016896                         00000000400842834763000000000000000000000000060205102126/400842800000000400842834763081021000000200000023704143  000000000008200000000000000000000000000000000000000000000000000000000000000000000000000000000000000000000000000000000                          7600000000                                                                  000023
1021903727600017200000260206200016896                         00000000400847128794000000000000000000000000060205102126/400847100000000400847128794081021000000099000023704151  000000000008200000000000000000000000000000000000000000000000000000000000000000000000000000000000000000000000000000000                          7600000000                                                                  000024
1021903727600017200000260206200016896                         00000000400869192968000000000000000000000000060205102126/400869100000000400869192968081021000000012000023704143  000000000008200000000000000000000000000000000000000000000000000000000000000000000000000000000000000000000000000000000                          7600000000                                                                  000025
1021903727600017200000260206200016896                         00000000400877540770000000000000000000000000060205102126/400877500000000400877540770081021000000002500023704602  000000000008200000000000000000000000000000000000000000000000000000000000000000000000000000000000000000000000000000000                          0000000000                                                                  000026
1021903727600017200000260206200016896                         00000000400890651263000000000000000000000000060205102126/400890600000000400890651263081021000000014500023704157  000000000008200000000000000000000000000000000000000000000000000000000000000000000000000000000000000000000000000000000                          0000000000                                                                  000027
1021903727600017200000260206200016896                         00000000400942472478000000000000000000000000060205102126/400942400000000400942472478081021000000004000023700140  000000000008200000000000000000000000000000000000000000000000000000000000000000000000000000000000000000000000000000000                          0000000000                                                                  000028
1021903727600017200000260206200016896                         00000000400944353239000000000000000000000000060205102126/400944300000000400944353239081021000000001250023704426  000000000008200000000000000000000000000000000000000000000000000000000000000000000000000000000000000000000000000000000                          0000000000                                                                  000029
1021903727600017200000260206200016896                         00000000400973324221000000000000000000000000060205102126/400973300000000400973324221081021000000001530023704159  000000000008200000000000000000000000000000000000000000000000000000000000000000000000000000000000000000000000000000000                          0000000000                                                                  000030
1021903727600017200000260206200016896                         00000000600316178850000000000000000000000000060205102126/600316100000000600316178850081021000000000119923700408  000000000008200000000000000000000000000000000000000000000000000000000000000000000000000000000000000000000000000000000                          0000000000                                                                  000031
1021903727600017200000260206200016896                         00000000600740931674000000000000000000000000060205102126/600740900000000600740931674081021000000001370023704159  000000000008200000000000000000000000000000000000000000000000000000000000000000000000000000000000000000000000000000000                          7600000000                                                                  000032
1021903727600017200000260206200016896                         00000000100031537234000000000000000000000000060605102126/100031500000000100031537234051021000000015587210404752  000000000000000000000000000000000000000000000000000000000000000000000000000000000000015587200000000000000000000000000   061021             00000000000000                                                                  000033
1021903727600017200000260206200016896                         00000000100031572544000000000000000000000000060605102126/100031500000000100031572544051021000000000252300104302  000000000000000000000000000000000000000000000000000000000000000000000000000000000000000252300000000000000000000000000   061021             00000000000000                                                                  000034
1021903727600017200000260206200016896                         00000000200378199562000000000000000000000000060605102126/200378100000000200378199562081021000000000128210403649  000000000000000000000000000000000000000000000000000000000000000000000000000000000000000128200000000000000000000000000   061021             00000000000000                                                                  000035
1021903727600017200000260206200016896                         00000000200658800261000000000000000000000000060605102126/200658800000000200658800261081021000000000373521200001  000000000000000000000000000000000000000000000000000000000000000000000000000000000000000373500000000000000000000000000   061021             00000000000000                                                                  000036
1021903727600017200000260206200016896                         00000000400014007748000000000000000000000000060605102126/400014000000000400014007748081021000000005000010401859  000000000000000000000000000000000000000000000000000000000000000000000000000000000000005000000000000000000000000000000   061021             00000000000000                                                                  000037
1021903727600017200000260206200016896                         00000000400121539485000000000000000000000000060605102126/400121500000000400121539485081021000000002500010403880  000000000000000000000000000000000000000000000000000000000000000000000000000000000000002500000000000000000000000000000   061021             00000000000000                                                                  000038
1021903727600017200000260206200016896                         00000000400195752989000000000000000000000000060605102126/400195700000000400195752989081021000000100000026000001  000000000000000000000000000000000000000000000000000000000000000000000000000000000000100000000000000000000000000000000   061021             00000000000000                                                                  000039
1021903727600017200000260206200016896                         00000000400228265787000000000000000000000000060605102126/400228200000000400228265787081021000000005000010400627  000000000000000000000000000000000000000000000000000000000000000000000000000000000000005000000000000000000000000000000   061021             00000000000000                                                                  000040
1021903727600017200000260206200016896                         00000000400285498259000000000000000000000000060605102126/400285400000000400285498259081021000000001410023702151  000000000000000000000000000000000000000000000000000000000000000000000000000000000000001410000000000000000000000000000   061021             00000000000000                                                                  000041
1021903727600017200000260206200016896                         00000000400328605291000000000000000000000000060605102126/400328600000000400328605291081021000000008740075601396  000000000000000000000000000000000000000000000000000000000000000000000000000000000000008740000000000000000000000000000   061021             00000000000000                                                                  000042
1021903727600017200000260206200016896                         00000000400339781792000000000000000000000000060605102126/400339700000000400339781792081021000000000800010401559  000000000000000000000000000000000000000000000000000000000000000000000000000000000000000800000000000000000000000000000   061021             00000000000000                                                                  000043
1021903727600017200000260206200016896                         00000000400375072021000000000000000000000000060605102126/400375000000000400375072021081021000000001240007000264  000000000000000000000000000000000000000000000000000000000000000000000000000000000000001240000000000000000000000000000   061021             00000000000000                                                                  000044
1021903727600017200000260206200016896                         00000000400398473376000000000000000000000000060605102126/400398400000000400398473376071021000000005000010404354  000000000000000000000000000000000000000000000000000000000000000000000000000000000000005000000000000000000000000000000   061021             00000000000000                                                                  000045
1021903727600017200000260206200016896                         00000000400406919036000000000000000000000000060605102126/400406900000000400406919036081021000000000800075604327  000000000000000000000000000000000000000000000000000000000000000000000000000000000000000800000000000000000000000000000   061021             00000000000000                                                                  000046
1021903727600017200000260206200016896                         00000000400553010655000000000000000000000000060605102126/400553000000000400553010655081021000000000800063300001  000000000000000000000000000000000000000000000000000000000000000000000000000000000000000800000000000000000000000000000   061021             00000000000000                                                                  000047
1021903727600017200000260206200016896                         00000000400599396140000000000000000000000000060605102126/400599300000000400599396140071021000000001000010403880  000000000000000000000000000000000000000000000000000000000000000000000000000000000000001000000000000000000000000000000   061021             00000000000000                                                                  000048
1021903727600017200000260206200016896                         00000000400629086109000000000000000000000000060605102126/400629000000000400629086109081021000000004200000101112  000000000000000000000000000000000000000000000000000000000000000000000000000000000000004200000000000000000000000000000   061021             00000000000000                                                                  000049
1021903727600017200000260206200016896                         00000000400647111900000000000000000000000000060605102126/400647100000000400647111900081021000000011980063300001  000000000000000000000000000000000000000000000000000000000000000000000000000000000000011980000000000000000000000000000   061021             00000000000000                                                                  000050
1021903727600017200000260206200016896                         00000000400700724502000000000000000000000000060605102126/400700700000000400700724502071021000000002570075601396  000000000000000000000000000000000000000000000000000000000000000000000000000000000000002570000000000000000000000000000   061021             00000000000000                                                                  000051
1021903727600017200000260206200016896                         00000000400733927727000000000000000000000000060605102126/400733900000000400733927727081021000000001000010403880  000000000000000000000000000000000000000000000000000000000000000000000000000000000000001000000000000000000000000000000   061021             00000000000000                                                                  000052
1021903727600017200000260206200016896                         00000000400737325195000000000000000000000000060605102126/400737300000000400737325195081021000000000800063300001  000000000000000000000000000000000000000000000000000000000000000000000000000000000000000800000000000000000000000000000   061021             00000000000000                                                                  000053
1021903727600017200000260206200016896                         00000000400775913351000000000000000000000000060605102126/400775900000000400775913351081021000000001500010403880  000000000000000000000000000000000000000000000000000000000000000000000000000000000000001500000000000000000000000000000   061021             00000000000000                                                                  000054
1021903727600017200000260206200016896                         00000000400798900397000000000000000000000000060605102126/400798900000000400798900397081021000000007460010401070  000000000000000000000000000000000000000000000000000000000000000000000000000000000000007460000000000000000000000000000   061021             00000000000000                                                                  000055
1021903727600017200000260206200016896                         00000000400801025583000000000000000000000000060605102126/400801000000000400801025583071021000000008000010403646  000000000000000000000000000000000000000000000000000000000000000000000000000000000000008000000000000000000000000000000   061021             00000000000000                                                                  000056
1021903727600017200000260206200016896                         00000000400847128794000000000000000000000000060605102126/400847100000000400847128794081021000000099000000102200  000000000000000000000000000000000000000000000000000000000000000000000000000000000000099000000000000000000000000000000   061021             00000000000000                                                                  000057
1021903727600017200000260206200016896                         00000000400869192968000000000000000000000000060605102126/400869100000000400869192968081021000000012000010403850  000000000000000000000000000000000000000000000000000000000000000000000000000000000000012000000000000000000000000000000   061021             00000000000000                                                                  000058
1021903727600017200000260206200016896                         00000000400877540770000000000000000000000000060605102126/400877500000000400877540770081021000000002500000101694  000000000000000000000000000000000000000000000000000000000000000000000000000000000000002500000000000000000000000000000   061021             00000000000000                                                                  000059
1021903727600017200000260206200016896                         00000000400890651263000000000000000000000000060605102126/400890600000000400890651263081021000000014500023703929  000000000000000000000000000000000000000000000000000000000000000000000000000000000000014500000000000000000000000000000   061021             00000000000000                                                                  000060
1021903727600017200000260206200016896                         00000000400942472478000000000000000000000000060605102126/400942400000000400942472478081021000000004000075604327  000000000000000000000000000000000000000000000000000000000000000000000000000000000000004000000000000000000000000000000   061021             00000000000000                                                                  000061
1021903727600017200000260206200016896                         00000000400944353239000000000000000000000000060605102126/400944300000000400944353239081021000000001250004100377  000000000000000000000000000000000000000000000000000000000000000000000000000000000000001250000000000000000000000000000   061021             00000000000000                                                                  000062
1021903727600017200000260206200016896                         00000000600316178850000000000000000000000000060605102126/600316100000000600316178850081021000000000119908100001  000000000000000000000000000000000000000000000000000000000000000000000000000000000000000119900000000000000000000000000   061021             00000000000000                                                                  000063
1021903727600017200000260206200016896                         00000000600740931674000000000000000000000000060605102126/600740900000000600740931674081021000000001370021200001  000000000000000000000000000000000000000000000000000000000000000000000000000000000000001370000000000000000000000000000   061021             00000000000000                                                                  000064
1021903727600017200000260206200016896                         00000000200480927300000000000000000000000000061005102126/200480900000000200480927300050821000000000051223700000  000000000000000000000000000000000000000000000000000000000000000000000000000000000000000000000000000000000000000000000                          1600000000                                                                  000065
1021903727600017200000260206200016896                         00000000400162403830000000000000000000000000061005102126/400162400000000400162403830050821000000001000023700000  000000000000000000000000000000000000000000000000000000000000000000000000000000000000000000000000000000000000000000000                          1600000000                                                                  000066
1021903727600017200000260206200016896                         00000000400494505416000000000000000000000000061005102126/400494500000000400494505416050821000000000800023700000  000000000000000000000000000000000000000000000000000000000000000000000000000000000000000000000000000000000000000000000                          1600000000                                                                  000067
9201237          000006640000002000266500000781          00031000005073888000003208811000320000032088110000300000001851200000000000000000000000000000000000000000000000000000000000000000000                                                                                                                                                                              00000000000000000000000         000068
