02RETORNO01COBRANCA       00000000000005034448E-PREPAG ADMINISTRADORA DE CAR237BRADESCO       0609210160000000761                                                                                                                                                                                                                                                                          080921         000001
1021903727600017200000260206200016896                         0000000010003127652P000000000000000000000000060206092126/10003120000000010003127652P070921000000004113623704400  000000000008200000000000000000000000000000000000000000000000000000000000000000000000000000000000000000000000000000000                          0000000000                                                                  000002
1021903727600017200000260206200016896                         00000000100031276694000000000000000000000000060206092126/100031200000000100031276694070921000000038460323704602  000000000008200000000000000000000000000000000000000000000000000000000000000000000000000000000000000000000000000000000                          0000000000                                                                  000003
1021903727600017200000260206200016896                         00000000100031277151000000000000000000000000060206092126/100031200000000100031277151070921000000001963023704151  000000000008200000000000000000000000000000000000000000000000000000000000000000000000000000000000000000000000000000000                          7600000000                                                                  000004
1021903727600017200000260206200016896                         00000000100031278263000000000000000000000000060206092126/100031200000000100031278263070921000000001209023704436  000000000008200000000000000000000000000000000000000000000000000000000000000000000000000000000000000000000000000000000                          0000000000                                                                  000005
1021903727600017200000260206200016896                         00000000100031279170000000000000000000000000060206092126/100031200000000100031279170070921000000000055823704151  000000000008200000000000000000000000000000000000000000000000000000000000000000000000000000000000000000000000000000000                          0000000000                                                                  000006
1021903727600017200000260206200016896                         00000000100031310124000000000000000000000000060206092126/100031300000000100031310124070921000000001845223704144  000000000008200000000000000000000000000000000000000000000000000000000000000000000000000000000000000000000000000000000                          7600000000                                                                  000007
1021903727600017200000260206200016896                         00000000200012388613000000000000000000000000060206092126/200012300000000200012388613090921000000000305423704151  000000000008200000000000000000000000000000000000000000000000000000000000000000000000000000000000000000000000000000000                          7600000000                                                                  000008
1021903727600017200000260206200016896                         00000000200103208871000000000000000000000000060206092126/200103200000000200103208871080921000000000623023704152  000000000008200000000000000000000000000000000000000000000000000000000000000000000000000000000000000000000000000000000                          0000000000                                                                  000009
1021903727600017200000260206200016896                         00000000200119557612000000000000000000000000060206092126/200119500000000200119557612080921000000000191223704151  000000000008200000000000000000000000000000000000000000000000000000000000000000000000000000000000000000000000000000000                          0000000000                                                                  000010
1021903727600017200000260206200016896                         00000000200198576953000000000000000000000000060206092126/200198500000000200198576953070921000000000424823704152  000000000008200000000000000000000000000000000000000000000000000000000000000000000000000000000000000000000000000000000                          0000000000                                                                  000011
1021903727600017200000260206200016896                         00000000200406529824000000000000000000000000060206092126/200406500000000200406529824070921000000000049923704152  000000000008200000000000000000000000000000000000000000000000000000000000000000000000000000000000000000000000000000000                          7600000000                                                                  000012
1021903727600017200000260206200016896                         00000000200442172142000000000000000000000000060206092126/200442100000000200442172142080921000000000934023704144  000000000008200000000000000000000000000000000000000000000000000000000000000000000000000000000000000000000000000000000                          7600000000                                                                  000013
1021903727600017200000260206200016896                         00000000200610339775000000000000000000000000060206092126/200610300000000200610339775090921000000000358423700321  000000000008200000000000000000000000000000000000000000000000000000000000000000000000000000000000000000000000000000000                          7600000000                                                                  000014
1021903727600017200000260206200016896                         00000000200833012085000000000000000000000000060206092126/200833000000000200833012085090921000000000850023704400  000000000008200000000000000000000000000000000000000000000000000000000000000000000000000000000000000000000000000000000                          0000000000                                                                  000015
1021903727600017200000260206200016896                         00000000200853601869000000000000000000000000060206092126/200853600000000200853601869090921000000000623023704428  000000000008200000000000000000000000000000000000000000000000000000000000000000000000000000000000000000000000000000000                          0000000000                                                                  000016
1021903727600017200000260206200016896                         00000000200903722670000000000000000000000000060206092126/200903700000000200903722670080921000000000191223700140  000000000008200000000000000000000000000000000000000000000000000000000000000000000000000000000000000000000000000000000                          7600000000                                                                  000017
1021903727600017200000260206200016896                         00000000400008550634000000000000000000000000060206092126/400008500000000400008550634070921000000000800023704159  000000000008200000000000000000000000000000000000000000000000000000000000000000000000000000000000000000000000000000000                          0000000000                                                                  000018
1021903727600017200000260206200016896                         00000000400085349054000000000000000000000000060206092126/400085300000000400085349054090921000000003940023700140  000000000008200000000000000000000000000000000000000000000000000000000000000000000000000000000000000000000000000000000                          0000000000                                                                  000019
1021903727600017200000260206200016896                         00000000400126349544000000000000000000000000060206092126/400126300000000400126349544070921000000000800023704159  000000000008200000000000000000000000000000000000000000000000000000000000000000000000000000000000000000000000000000000                          0000000000                                                                  000020
1021903727600017200000260206200016896                         00000000400128595712000000000000000000000000060206092126/400128500000000400128595712090921000000000800023704422  000000000008200000000000000000000000000000000000000000000000000000000000000000000000000000000000000000000000000000000                          0000000000                                                                  000021
1021903727600017200000260206200016896                         00000000400164295423000000000000000000000000060206092126/400164200000000400164295423090921000000000800023704602  000000000008200000000000000000000000000000000000000000000000000000000000000000000000000000000000000000000000000000000                          7600000000                                                                  000022
1021903727600017200000260206200016896                         0000000040017408157P000000000000000000000000060206092126/40017400000000040017408157P090921000000007600023704159  000000000008200000000000000000000000000000000000000000000000000000000000000000000000000000000000000000000000000000000                          0000000000                                                                  000023
1021903727600017200000260206200016896                         00000000400175741093000000000000000000000000060206092126/400175700000000400175741093090921000000000840023702062  000000000008200000000000000000000000000000000000000000000000000000000000000000000000000000000000000000000000000000000                          0000000000                                                                  000024
1021903727600017200000260206200016896                         00000000400175815925000000000000000000000000060206092126/400175800000000400175815925070921000000000800023704159  000000000008200000000000000000000000000000000000000000000000000000000000000000000000000000000000000000000000000000000                          0000000000                                                                  000025
1021903727600017200000260206200016896                         00000000400176331891000000000000000000000000060206092126/400176300000000400176331891090921000000004000023700153  000000000008200000000000000000000000000000000000000000000000000000000000000000000000000000000000000000000000000000000                          0000000000                                                                  000026
1021903727600017200000260206200016896                         00000000400202211263000000000000000000000000060206092126/400202200000000400202211263090921000000001330023704159  000000000008200000000000000000000000000000000000000000000000000000000000000000000000000000000000000000000000000000000                          0000000000                                                                  000027
1021903727600017200000260206200016896                         00000000400205293821000000000000000000000000060206092126/400205200000000400205293821070921000000005000023704151  000000000008200000000000000000000000000000000000000000000000000000000000000000000000000000000000000000000000000000000                          0000000000                                                                  000028
1021903727600017200000260206200016896                         0000000040020545003P000000000000000000000000060206092126/40020540000000040020545003P070921000000004000023704143  000000000008200000000000000000000000000000000000000000000000000000000000000000000000000000000000000000000000000000000                          0000000000                                                                  000029
1021903727600017200000260206200016896                         00000000400213013439000000000000000000000000060206092126/400213000000000400213013439090921000000020000023704157  000000000008200000000000000000000000000000000000000000000000000000000000000000000000000000000000000000000000000000000                          0000000000                                                                  000030
1021903727600017200000260206200016896                         00000000400260628387000000000000000000000000060206092126/400260600000000400260628387090921000000001300023700389  000000000008200000000000000000000000000000000000000000000000000000000000000000000000000000000000000000000000000000000                          0000000000                                                                  000031
1021903727600017200000260206200016896                         00000000400270860474000000000000000000000000060206092126/400270800000000400270860474090921000000000800023704422  000000000008200000000000000000000000000000000000000000000000000000000000000000000000000000000000000000000000000000000                          0000000000                                                                  000032
1021903727600017200000260206200016896                         00000000400287640699000000000000000000000000060206092126/400287600000000400287640699090921000000002400023704144  000000000008200000000000000000000000000000000000000000000000000000000000000000000000000000000000000000000000000000000                          0000000000                                                                  000033
1021903727600017200000260206200016896                         00000000400297497843000000000000000000000000060206092126/400297400000000400297497843090921000000000820023704602  000000000008200000000000000000000000000000000000000000000000000000000000000000000000000000000000000000000000000000000                          7600000000                                                                  000034
1021903727600017200000260206200016896                         00000000400298418475000000000000000000000000060206092126/400298400000000400298418475090921000000000800023704422  000000000008200000000000000000000000000000000000000000000000000000000000000000000000000000000000000000000000000000000                          0000000000                                                                  000035
1021903727600017200000260206200016896                         00000000400303723486000000000000000000000000060206092126/400303700000000400303723486090921000000001280023704452  000000000000000000000000000000000000000000000000000000000000000000000000000000000000000000000000000000000000000000000                          7600000000                                                                  000036
1021903727600017200000260206200016896                         00000000400308422034000000000000000000000000060206092126/400308400000000400308422034070921000000000800023704159  000000000008200000000000000000000000000000000000000000000000000000000000000000000000000000000000000000000000000000000                          0000000000                                                                  000037
1021903727600017200000260206200016896                         00000000400327146188000000000000000000000000060206092126/400327100000000400327146188090921000000012000023704422  000000000008200000000000000000000000000000000000000000000000000000000000000000000000000000000000000000000000000000000                          0000000000                                                                  000038
1021903727600017200000260206200016896                         00000000400332775355000000000000000000000000060206092126/400332700000000400332775355090921000000000850023700435  000000000008200000000000000000000000000000000000000000000000000000000000000000000000000000000000000000000000000000000                          0000000000                                                                  000039
1021903727600017200000260206200016896                         00000000400345307016000000000000000000000000060206092126/400345300000000400345307016090921000000000810023704602  000000000008200000000000000000000000000000000000000000000000000000000000000000000000000000000000000000000000000000000                          7600000000                                                                  000040
1021903727600017200000260206200016896                         00000000400367160639000000000000000000000000060206092126/400367100000000400367160639070921000000000800023704159  000000000008200000000000000000000000000000000000000000000000000000000000000000000000000000000000000000000000000000000                          0000000000                                                                  000041
1021903727600017200000260206200016896                         00000000400373759119000000000000000000000000060206092126/400373700000000400373759119090921000000012000023700140  000000000008200000000000000000000000000000000000000000000000000000000000000000000000000000000000000000000000000000000                          0000000000                                                                  000042
1021903727600017200000260206200016896                         0000000040038995826P000000000000000000000000060206092126/40038990000000040038995826P070921000000000800023704159  000000000008200000000000000000000000000000000000000000000000000000000000000000000000000000000000000000000000000000000                          0000000000                                                                  000043
1021903727600017200000260206200016896                         00000000400402444378000000000000000000000000060206092126/400402400000000400402444378090921000000000800023704422  000000000008200000000000000000000000000000000000000000000000000000000000000000000000000000000000000000000000000000000                          0000000000                                                                  000044
1021903727600017200000260206200016896                         00000000400404026344000000000000000000000000060206092126/400404000000000400404026344090921000000005000023704143  000000000008200000000000000000000000000000000000000000000000000000000000000000000000000000000000000000000000000000000                          0000000000                                                                  000045
1021903727600017200000260206200016896                         00000000400415204600000000000000000000000000060206092126/400415200000000400415204600090921000000005000023704143  000000000008200000000000000000000000000000000000000000000000000000000000000000000000000000000000000000000000000000000                          0000000000                                                                  000046
1021903727600017200000260206200016896                         00000000400434556380000000000000000000000000060206092126/400434500000000400434556380090921000000002000023702062  000000000008200000000000000000000000000000000000000000000000000000000000000000000000000000000000000000000000000000000                          0000000000                                                                  000047
1021903727600017200000260206200016896                         00000000400451826545000000000000000000000000060206092126/400451800000000400451826545090921000000005000023704426  000000000008200000000000000000000000000000000000000000000000000000000000000000000000000000000000000000000000000000000                          7600000000                                                                  000048
1021903727600017200000260206200016896                         00000000400460441494000000000000000000000000060206092126/400460400000000400460441494090921000000007000023704144  000000000008200000000000000000000000000000000000000000000000000000000000000000000000000000000000000000000000000000000                          0000000000                                                                  000049
1021903727600017200000260206200016896                         00000000400465352198000000000000000000000000060206092126/400465300000000400465352198070921000000000800023704159  000000000008200000000000000000000000000000000000000000000000000000000000000000000000000000000000000000000000000000000                          0000000000                                                                  000050
1021903727600017200000260206200016896                         00000000400470167099000000000000000000000000060206092126/400470100000000400470167099090921000000000800023704422  000000000008200000000000000000000000000000000000000000000000000000000000000000000000000000000000000000000000000000000                          0000000000                                                                  000051
1021903727600017200000260206200016896                         00000000400476695097000000000000000000000000060206092126/400476600000000400476695097090921000000000800023704422  000000000008200000000000000000000000000000000000000000000000000000000000000000000000000000000000000000000000000000000                          0000000000                                                                  000052
1021903727600017200000260206200016896                         00000000400477526434000000000000000000000000060206092126/400477500000000400477526434070921000000000800023704159  000000000008200000000000000000000000000000000000000000000000000000000000000000000000000000000000000000000000000000000                          0000000000                                                                  000053
1021903727600017200000260206200016896                         00000000400508961932000000000000000000000000060206092126/400508900000000400508961932090921000000002000023704152  000000000008200000000000000000000000000000000000000000000000000000000000000000000000000000000000000000000000000000000                          0000000000                                                                  000054
1021903727600017200000260206200016896                         00000000400512584833000000000000000000000000060206092126/400512500000000400512584833080921000000002000023704143  000000000008200000000000000000000000000000000000000000000000000000000000000000000000000000000000000000000000000000000                          0000000000                                                                  000055
1021903727600017200000260206200016896                         00000000400529189792000000000000000000000000060206092126/400529100000000400529189792090921000000001300023704143  000000000008200000000000000000000000000000000000000000000000000000000000000000000000000000000000000000000000000000000                          0000000000                                                                  000056
1021903727600017200000260206200016896                         00000000400532351711000000000000000000000000060206092126/400532300000000400532351711070921000000000800023704159  000000000008200000000000000000000000000000000000000000000000000000000000000000000000000000000000000000000000000000000                          0000000000                                                                  000057
1021903727600017200000260206200016896                         00000000400538017430000000000000000000000000060206092126/400538000000000400538017430090921000000000800023704422  000000000008200000000000000000000000000000000000000000000000000000000000000000000000000000000000000000000000000000000                          0000000000                                                                  000058
1021903727600017200000260206200016896                         00000000400543954647000000000000000000000000060206092126/400543900000000400543954647090921000000001140023704422  000000000008200000000000000000000000000000000000000000000000000000000000000000000000000000000000000000000000000000000                          0000000000                                                                  000059
1021903727600017200000260206200016896                         00000000400565376051000000000000000000000000060206092126/400565300000000400565376051070921000000000800023704159  000000000008200000000000000000000000000000000000000000000000000000000000000000000000000000000000000000000000000000000                          0000000000                                                                  000060
1021903727600017200000260206200016896                         00000000400586340723000000000000000000000000060206092126/400586300000000400586340723090921000000004150023702062  000000000008200000000000000000000000000000000000000000000000000000000000000000000000000000000000000000000000000000000                          0000000000                                                                  000061
1021903727600017200000260206200016896                         00000000400593796260000000000000000000000000060206092126/400593700000000400593796260090921000000000800023702062  000000000008200000000000000000000000000000000000000000000000000000000000000000000000000000000000000000000000000000000                          0000000000                                                                  000062
1021903727600017200000260206200016896                         00000000400598848153000000000000000000000000060206092126/400598800000000400598848153090921000000000830023702062  000000000008200000000000000000000000000000000000000000000000000000000000000000000000000000000000000000000000000000000                          0000000000                                                                  000063
1021903727600017200000260206200016896                         00000000400606677568000000000000000000000000060206092126/400606600000000400606677568090921000000005760023704154  000000000008200000000000000000000000000000000000000000000000000000000000000000000000000000000000000000000000000000000                          0000000000                                                                  000064
1021903727600017200000260206200016896                         00000000400614864849000000000000000000000000060206092126/400614800000000400614864849090921000000005270023704154  000000000008200000000000000000000000000000000000000000000000000000000000000000000000000000000000000000000000000000000                          0000000000                                                                  000065
1021903727600017200000260206200016896                         0000000040062853079P000000000000000000000000060206092126/40062850000000040062853079P090921000000005000023704157  000000000008200000000000000000000000000000000000000000000000000000000000000000000000000000000000000000000000000000000                          0000000000                                                                  000066
1021903727600017200000260206200016896                         00000000400643231901000000000000000000000000060206092126/400643200000000400643231901070921000000003980023704154  000000000008200000000000000000000000000000000000000000000000000000000000000000000000000000000000000000000000000000000                          0000000000                                                                  000067
1021903727600017200000260206200016896                         00000000400652956617000000000000000000000000060206092126/400652900000000400652956617070921000000002000023704151  000000000008200000000000000000000000000000000000000000000000000000000000000000000000000000000000000000000000000000000                          0000000000                                                                  000068
1021903727600017200000260206200016896                         0000000040065775298P000000000000000000000000060206092126/40065770000000040065775298P090921000000005460023704158  000000000008200000000000000000000000000000000000000000000000000000000000000000000000000000000000000000000000000000000                          0000000000                                                                  000069
1021903727600017200000260206200016896                         00000000400666680924000000000000000000000000060206092126/400666600000000400666680924090921000000002790023704426  000000000008200000000000000000000000000000000000000000000000000000000000000000000000000000000000000000000000000000000                          0000000000                                                                  000070
1021903727600017200000260206200016896                         00000000400670191466000000000000000000000000060206092126/400670100000000400670191466070921000000000800023704159  000000000008200000000000000000000000000000000000000000000000000000000000000000000000000000000000000000000000000000000                          0000000000                                                                  000071
1021903727600017200000260206200016896                         00000000400678123273000000000000000000000000060206092126/400678100000000400678123273090921000000000820023702062  000000000008200000000000000000000000000000000000000000000000000000000000000000000000000000000000000000000000000000000                          0000000000                                                                  000072
1021903727600017200000260206200016896                         00000000400681877777000000000000000000000000060206092126/400681800000000400681877777070921000000000800023704159  000000000008200000000000000000000000000000000000000000000000000000000000000000000000000000000000000000000000000000000                          0000000000                                                                  000073
1021903727600017200000260206200016896                         00000000400720379879000000000000000000000000060206092126/400720300000000400720379879090921000000000800023704602  000000000008200000000000000000000000000000000000000000000000000000000000000000000000000000000000000000000000000000000                          7600000000                                                                  000074
1021903727600017200000260206200016896                         00000000400724289068000000000000000000000000060206092126/400724200000000400724289068090921000000000800023704422  000000000008200000000000000000000000000000000000000000000000000000000000000000000000000000000000000000000000000000000                          0000000000                                                                  000075
1021903727600017200000260206200016896                         00000000400724730392000000000000000000000000060206092126/400724700000000400724730392070921000000000800023704159  000000000008200000000000000000000000000000000000000000000000000000000000000000000000000000000000000000000000000000000                          0000000000                                                                  000076
1021903727600017200000260206200016896                         00000000400730487807000000000000000000000000060206092126/400730400000000400730487807090921000000020800023704151  000000000008200000000000000000000000000000000000000000000000000000000000000000000000000000000000000000000000000000000                          7600000000                                                                  000077
1021903727600017200000260206200016896                         00000000400745466288000000000000000000000000060206092126/400745400000000400745466288090921000000000830023704452  000000000008200000000000000000000000000000000000000000000000000000000000000000000000000000000000000000000000000000000                          0000000000                                                                  000078
1021903727600017200000260206200016896                         00000000400756728756000000000000000000000000060206092126/400756700000000400756728756090921000000001000023704452  000000000008200000000000000000000000000000000000000000000000000000000000000000000000000000000000000000000000000000000                          0000000000                                                                  000079
1021903727600017200000260206200016896                         00000000400758493187000000000000000000000000060206092126/400758400000000400758493187090921000000000800023704452  000000000008200000000000000000000000000000000000000000000000000000000000000000000000000000000000000000000000000000000                          0000000000                                                                  000080
1021903727600017200000260206200016896                         00000000400785852695000000000000000000000000060206092126/400785800000000400785852695070921000000000800023704159  000000000008200000000000000000000000000000000000000000000000000000000000000000000000000000000000000000000000000000000                          0000000000                                                                  000081
1021903727600017200000260206200016896                         00000000400791250583000000000000000000000000060206092126/400791200000000400791250583070921000000002000023700389  000000000008200000000000000000000000000000000000000000000000000000000000000000000000000000000000000000000000000000000                          7600000000                                                                  000082
1021903727600017200000260206200016896                         0000000040079766794P000000000000000000000000060206092126/40079760000000040079766794P070921000000000800023704452  000000000008200000000000000000000000000000000000000000000000000000000000000000000000000000000000000000000000000000000                          0000000000                                                                  000083
1021903727600017200000260206200016896                         00000000400801249864000000000000000000000000060206092126/400801200000000400801249864090921000000005000023704159  000000000008200000000000000000000000000000000000000000000000000000000000000000000000000000000000000000000000000000000                          0000000000                                                                  000084
1021903727600017200000260206200016896                         00000000400810430652000000000000000000000000060206092126/400810400000000400810430652080921000000000800023700320  000000000008200000000000000000000000000000000000000000000000000000000000000000000000000000000000000000000000000000000                          0000000000                                                                  000085
1021903727600017200000260206200016896                         00000000400813311565000000000000000000000000060206092126/400813300000000400813311565070921000000000800023704159  000000000008200000000000000000000000000000000000000000000000000000000000000000000000000000000000000000000000000000000                          0000000000                                                                  000086
1021903727600017200000260206200016896                         00000000400817984858000000000000000000000000060206092126/400817900000000400817984858090921000000000800023704422  000000000008200000000000000000000000000000000000000000000000000000000000000000000000000000000000000000000000000000000                          0000000000                                                                  000087
1021903727600017200000260206200016896                         00000000400818063640000000000000000000000000060206092126/400818000000000400818063640070921000000003000023704143  000000000008200000000000000000000000000000000000000000000000000000000000000000000000000000000000000000000000000000000                          0000000000                                                                  000088
1021903727600017200000260206200016896                         00000000400850469187000000000000000000000000060206092126/400850400000000400850469187070921000000005000023704157  000000000008200000000000000000000000000000000000000000000000000000000000000000000000000000000000000000000000000000000                          0000000000                                                                  000089
1021903727600017200000260206200016896                         00000000400867857717000000000000000000000000060206092126/400867800000000400867857717090921000000005600023704157  000000000008200000000000000000000000000000000000000000000000000000000000000000000000000000000000000000000000000000000                          0000000000                                                                  000090
1021903727600017200000260206200016896                         00000000400868556087000000000000000000000000060206092126/400868500000000400868556087090921000000000800023704452  000000000008200000000000000000000000000000000000000000000000000000000000000000000000000000000000000000000000000000000                          7600000000                                                                  000091
1021903727600017200000260206200016896                         00000000400868756183000000000000000000000000060206092126/400868700000000400868756183060921000000008000023704159  000000000008200000000000000000000000000000000000000000000000000000000000000000000000000000000000000000000000000000000                          0000000000                                                                  000092
1021903727600017200000260206200016896                         00000000400878615383000000000000000000000000060206092126/400878600000000400878615383090921000000001000023704452  000000000008200000000000000000000000000000000000000000000000000000000000000000000000000000000000000000000000000000000                          0000000000                                                                  000093
1021903727600017200000260206200016896                         00000000400878691411000000000000000000000000060206092126/400878600000000400878691411090921000000002000023704602  000000000008200000000000000000000000000000000000000000000000000000000000000000000000000000000000000000000000000000000                          0000000000                                                                  000094
1021903727600017200000260206200016896                         00000000400880676950000000000000000000000000060206092126/400880600000000400880676950090921000000000850023704452  000000000008200000000000000000000000000000000000000000000000000000000000000000000000000000000000000000000000000000000                          0000000000                                                                  000095
1021903727600017200000260206200016896                         00000000400891088449000000000000000000000000060206092126/400891000000000400891088449090921000000000810023702062  000000000008200000000000000000000000000000000000000000000000000000000000000000000000000000000000000000000000000000000                          0000000000                                                                  000096
1021903727600017200000260206200016896                         00000000400906151681000000000000000000000000060206092126/400906100000000400906151681090921000000000850023702062  000000000008200000000000000000000000000000000000000000000000000000000000000000000000000000000000000000000000000000000                          0000000000                                                                  000097
1021903727600017200000260206200016896                         00000000400953439081000000000000000000000000060206092126/400953400000000400953439081090921000000006800023704157  000000000008200000000000000000000000000000000000000000000000000000000000000000000000000000000000000000000000000000000                          0000000000                                                                  000098
1021903727600017200000260206200016896                         00000000400955208400000000000000000000000000060206092126/400955200000000400955208400070921000000001000023703162  000000000008200000000000000000000000000000000000000000000000000000000000000000000000000000000000000000000000000000000                          0000000000                                                                  000099
1021903727600017200000260206200016896                         00000000400958518699000000000000000000000000060206092126/400958500000000400958518699090921000000000800023704422  000000000008200000000000000000000000000000000000000000000000000000000000000000000000000000000000000000000000000000000                          0000000000                                                                  000100
1021903727600017200000260206200016896                         00000000400959797389000000000000000000000000060206092126/400959700000000400959797389090921000000004750023704400  000000000008200000000000000000000000000000000000000000000000000000000000000000000000000000000000000000000000000000000                          0000000000                                                                  000101
1021903727600017200000260206200016896                         00000000400961344723000000000000000000000000060206092126/400961300000000400961344723090921000000040000023700321  000000000008200000000000000000000000000000000000000000000000000000000000000000000000000000000000000000000000000000000                          0000000000                                                                  000102
1021903727600017200000260206200016896                         00000000400964460449000000000000000000000000060206092126/400964400000000400964460449090921000000000810023704602  000000000008200000000000000000000000000000000000000000000000000000000000000000000000000000000000000000000000000000000                          7600000000                                                                  000103
1021903727600017200000260206200016896                         00000000400970975655000000000000000000000000060206092126/400970900000000400970975655090921000000003000023704151  000000000008200000000000000000000000000000000000000000000000000000000000000000000000000000000000000000000000000000000                          0000000000                                                                  000104
1021903727600017200000260206200016896                         00000000400973960098000000000000000000000000060206092126/400973900000000400973960098090921000000012000023703109  000000000008200000000000000000000000000000000000000000000000000000000000000000000000000000000000000000000000000000000                          0000000000                                                                  000105
1021903727600017200000260206200016896                         00000000600123059358000000000000000000000000060206092126/600123000000000600123059358090921000000001500023704400  000000000008200000000000000000000000000000000000000000000000000000000000000000000000000000000000000000000000000000000                          0000000000                                                                  000106
1021903727600017200000260206200016896                         0000000060021166606P000000000000000000000000060206092126/60021160000000060021166606P040921000000000219923700523  000000000008200000000000000000000000000000000000000000000000000000000000000000000000000000000000000000000000000000000                          0000000000                                                                  000107
1021903727600017200000260206200016896                         00000000600374883653000000000000000000000000060206092126/600374800000000600374883653090921000000000500023704424  000000000008200000000000000000000000000000000000000000000000000000000000000000000000000000000000000000000000000000000                          7600000000                                                                  000108
1021903727600017200000260206200016896                         00000000600418364845000000000000000000000000060206092126/600418300000000600418364845090921000000000079923700140  000000000008200000000000000000000000000000000000000000000000000000000000000000000000000000000000000000000000000000000                          0000000000                                                                  000109
1021903727600017200000260206200016896                         00000000600509545281000000000000000000000000060206092126/600509500000000600509545281070921000000000069923700405  000000000008200000000000000000000000000000000000000000000000000000000000000000000000000000000000000000000000000000000                          0000000000                                                                  000110
1021903727600017200000260206200016896                         00000000600666320102000000000000000000000000060206092126/600666300000000600666320102090921000000000500023704424  000000000008200000000000000000000000000000000000000000000000000000000000000000000000000000000000000000000000000000000                          7600000000                                                                  000111
1021903727600017200000260206200016896                         00000000600829371257000000000000000000000000060206092126/600829300000000600829371257080921000000000500023704159  000000000008200000000000000000000000000000000000000000000000000000000000000000000000000000000000000000000000000000000                          0000000000                                                                  000112
1021903727600017200000260206200016896                         0000000010003127652P000000000000000000000000060606092126/10003120000000010003127652P070921000000004113634108570  000000000000000000000000000000000000000000000000000000000000000000000000000000000000004113600000000000000000000000000   080921             00000000000000                                                                  000113
1021903727600017200000260206200016896                         00000000100031276694000000000000000000000000060606092126/100031200000000100031276694070921000000038460334106805  000000000000000000000000000000000000000000000000000000000000000000000000000000000000038460300000000000000000000000000   080921             00000000000000                                                                  000114
1021903727600017200000260206200016896                         00000000100031277151000000000000000000000000060606092126/100031200000000100031277151070921000000001963007700001  000000000000000000000000000000000000000000000000000000000000000000000000000000000000001963000000000000000000000000000   080921             00000000000000                                                                  000115
1021903727600017200000260206200016896                         00000000100031278263000000000000000000000000060606092126/100031200000000100031278263070921000000001209063300001  000000000000000000000000000000000000000000000000000000000000000000000000000000000000001209000000000000000000000000000   080921             00000000000000                                                                  000116
1021903727600017200000260206200016896                         00000000100031310124000000000000000000000000060606092126/100031300000000100031310124070921000000001845263300001  000000000000000000000000000000000000000000000000000000000000000000000000000000000000001845200000000000000000000000000   080921             00000000000000                                                                  000117
1021903727600017200000260206200016896                         00000000200012388613000000000000000000000000060606092126/200012300000000200012388613090921000000000305407700001  000000000000000000000000000000000000000000000000000000000000000000000000000000000000000305400000000000000000000000000   080921             00000000000000                                                                  000118
1021903727600017200000260206200016896                         00000000200119557612000000000000000000000000060606092126/200119500000000200119557612080921000000000191275604327  000000000000000000000000000000000000000000000000000000000000000000000000000000000000000191200000000000000000000000000   080921             00000000000000                                                                  000119
1021903727600017200000260206200016896                         00000000200134028200000000000000000000000000060606092126/200134000000000200134028200060921000000000486300100821  000000000000000000000000000000000000000000000000000000000000000000000000000000000000000486300000000000000000000000000   080921             00000000000000                                                                  000120
1021903727600017200000260206200016896                         00000000200442172142000000000000000000000000060606092126/200442100000000200442172142080921000000000934034103713  000000000000000000000000000000000000000000000000000000000000000000000000000000000000000934000000000000000000000000000   080921             00000000000000                                                                  000121
1021903727600017200000260206200016896                         00000000200610339775000000000000000000000000060606092126/200610300000000200610339775090921000000000358403300080  000000000000000000000000000000000000000000000000000000000000000000000000000000000000000358400000000000000000000000000   080921             00000000000000                                                                  000122
1021903727600017200000260206200016896                         00000000200700394996000000000000000000000000060606092126/200700300000000200700394996060921000000000330823701897  000000000000000000000000000000000000000000000000000000000000000000000000000000000000000330800000000000000000000000000   080921             00000000000000                                                                  000123
1021903727600017200000260206200016896                         00000000200833012085000000000000000000000000060606092126/200833000000000200833012085090921000000000850034103767  000000000000000000000000000000000000000000000000000000000000000000000000000000000000000850000000000000000000000000000   080921             00000000000000                                                                  000124
1021903727600017200000260206200016896                         0000000020091114452P000000000000000000000000060606092126/20091110000000020091114452P060921000000000550021200001  000000000000000000000000000000000000000000000000000000000000000000000000000000000000000550000000000000000000000000000   080921             00000000000000                                                                  000125
1021903727600017200000260206200016896                         00000000400008550634000000000000000000000000060606092126/400008500000000400008550634070921000000000800065500001  000000000000000000000000000000000000000000000000000000000000000000000000000000000000000800000000000000000000000000000   080921             00000000000000                                                                  000126
1021903727600017200000260206200016896                         00000000400085349054000000000000000000000000060606092126/400085300000000400085349054090921000000003940007000264  000000000000000000000000000000000000000000000000000000000000000000000000000000000000003940000000000000000000000000000   080921             00000000000000                                                                  000127
1021903727600017200000260206200016896                         00000000400126349544000000000000000000000000060606092126/400126300000000400126349544070921000000000800065500001  000000000000000000000000000000000000000000000000000000000000000000000000000000000000000800000000000000000000000000000   080921             00000000000000                                                                  000128
1021903727600017200000260206200016896                         00000000400128595712000000000000000000000000060606092126/400128500000000400128595712090921000000000800065500001  000000000000000000000000000000000000000000000000000000000000000000000000000000000000000800000000000000000000000000000   080921             00000000000000                                                                  000129
1021903727600017200000260206200016896                         00000000400164295423000000000000000000000000060606092126/400164200000000400164295423090921000000000800075600259  000000000000000000000000000000000000000000000000000000000000000000000000000000000000000800000000000000000000000000000   080921             00000000000000                                                                  000130
1021903727600017200000260206200016896                         0000000040017408157P000000000000000000000000060606092126/40017400000000040017408157P090921000000007600075604327  000000000000000000000000000000000000000000000000000000000000000000000000000000000000007600000000000000000000000000000   080921             00000000000000                                                                  000131
1021903727600017200000260206200016896                         00000000400175741093000000000000000000000000060606092126/400175700000000400175741093090921000000000840075604327  000000000000000000000000000000000000000000000000000000000000000000000000000000000000000840000000000000000000000000000   080921             00000000000000                                                                  000132
1021903727600017200000260206200016896                         00000000400175815925000000000000000000000000060606092126/400175800000000400175815925070921000000000800065500001  000000000000000000000000000000000000000000000000000000000000000000000000000000000000000800000000000000000000000000000   080921             00000000000000                                                                  000133
1021903727600017200000260206200016896                         00000000400176331891000000000000000000000000060606092126/400176300000000400176331891090921000000004000010401831  000000000000000000000000000000000000000000000000000000000000000000000000000000000000004000000000000000000000000000000   080921             00000000000000                                                                  000134
1021903727600017200000260206200016896                         00000000400202211263000000000000000000000000060606092126/400202200000000400202211263090921000000001330063300001  000000000000000000000000000000000000000000000000000000000000000000000000000000000000001330000000000000000000000000000   080921             00000000000000                                                                  000135
1021903727600017200000260206200016896                         00000000400205293821000000000000000000000000060606092126/400205200000000400205293821070921000000005000010404354  000000000000000000000000000000000000000000000000000000000000000000000000000000000000005000000000000000000000000000000   080921             00000000000000                                                                  000136
1021903727600017200000260206200016896                         00000000400213013439000000000000000000000000060606092126/400213000000000400213013439090921000000020000013301529  000000000000000000000000000000000000000000000000000000000000000000000000000000000000020000000000000000000000000000000   080921             00000000000000                                                                  000137
1021903727600017200000260206200016896                         00000000400260628387000000000000000000000000060606092126/400260600000000400260628387090921000000001300010402047  000000000000000000000000000000000000000000000000000000000000000000000000000000000000001300000000000000000000000000000   080921             00000000000000                                                                  000138
1021903727600017200000260206200016896                         00000000400270860474000000000000000000000000060606092126/400270800000000400270860474090921000000000800065500001  000000000000000000000000000000000000000000000000000000000000000000000000000000000000000800000000000000000000000000000   080921             00000000000000                                                                  000139
1021903727600017200000260206200016896                         00000000400287640699000000000000000000000000060606092126/400287600000000400287640699090921000000002400010400397  000000000000000000000000000000000000000000000000000000000000000000000000000000000000002400000000000000000000000000000   080921             00000000000000                                                                  000140
1021903727600017200000260206200016896                         00000000400297497843000000000000000000000000060606092126/400297400000000400297497843090921000000000820075600259  000000000000000000000000000000000000000000000000000000000000000000000000000000000000000820000000000000000000000000000   080921             00000000000000                                                                  000141
1021903727600017200000260206200016896                         00000000400298418475000000000000000000000000060606092126/400298400000000400298418475090921000000000800065500001  000000000000000000000000000000000000000000000000000000000000000000000000000000000000000800000000000000000000000000000   080921             00000000000000                                                                  000142
1021903727600017200000260206200016896                         00000000400308422034000000000000000000000000060606092126/400308400000000400308422034070921000000000800065500001  000000000000000000000000000000000000000000000000000000000000000000000000000000000000000800000000000000000000000000000   080921             00000000000000                                                                  000143
1021903727600017200000260206200016896                         00000000400327146188000000000000000000000000060606092126/400327100000000400327146188090921000000012000010404160  000000000000000000000000000000000000000000000000000000000000000000000000000000000000012000000000000000000000000000000   080921             00000000000000                                                                  000144
1021903727600017200000260206200016896                         00000000400332775355000000000000000000000000060606092126/400332700000000400332775355090921000000000850075604327  000000000000000000000000000000000000000000000000000000000000000000000000000000000000000850000000000000000000000000000   080921             00000000000000                                                                  000145
1021903727600017200000260206200016896                         00000000400345307016000000000000000000000000060606092126/400345300000000400345307016090921000000000810075600259  000000000000000000000000000000000000000000000000000000000000000000000000000000000000000810000000000000000000000000000   080921             00000000000000                                                                  000146
1021903727600017200000260206200016896                         00000000400367160639000000000000000000000000060606092126/400367100000000400367160639070921000000000800065500001  000000000000000000000000000000000000000000000000000000000000000000000000000000000000000800000000000000000000000000000   080921             00000000000000                                                                  000147
1021903727600017200000260206200016896                         00000000400373759119000000000000000000000000060606092126/400373700000000400373759119090921000000012000075604327  000000000000000000000000000000000000000000000000000000000000000000000000000000000000012000000000000000000000000000000   080921             00000000000000                                                                  000148
1021903727600017200000260206200016896                         0000000040038995826P000000000000000000000000060606092126/40038990000000040038995826P070921000000000800065500001  000000000000000000000000000000000000000000000000000000000000000000000000000000000000000800000000000000000000000000000   080921             00000000000000                                                                  000149
1021903727600017200000260206200016896                         00000000400402444378000000000000000000000000060606092126/400402400000000400402444378090921000000000800065500001  000000000000000000000000000000000000000000000000000000000000000000000000000000000000000800000000000000000000000000000   080921             00000000000000                                                                  000150
1021903727600017200000260206200016896                         00000000400404026344000000000000000000000000060606092126/400404000000000400404026344090921000000005000010404692  000000000000000000000000000000000000000000000000000000000000000000000000000000000000005000000000000000000000000000000   080921             00000000000000                                                                  000151
1021903727600017200000260206200016896                         00000000400415204600000000000000000000000000060606092126/400415200000000400415204600090921000000005000010400627  000000000000000000000000000000000000000000000000000000000000000000000000000000000000005000000000000000000000000000000   080921             00000000000000                                                                  000152
1021903727600017200000260206200016896                         00000000400434556380000000000000000000000000060606092126/400434500000000400434556380090921000000002000004100764  000000000000000000000000000000000000000000000000000000000000000000000000000000000000002000000000000000000000000000000   080921             00000000000000                                                                  000153
1021903727600017200000260206200016896                         00000000400451826545000000000000000000000000060606092126/400451800000000400451826545090921000000005000004101096  000000000000000000000000000000000000000000000000000000000000000000000000000000000000005000000000000000000000000000000   080921             00000000000000                                                                  000154
1021903727600017200000260206200016896                         00000000400460441494000000000000000000000000060606092126/400460400000000400460441494090921000000007000010400397  000000000000000000000000000000000000000000000000000000000000000000000000000000000000007000000000000000000000000000000   080921             00000000000000                                                                  000155
1021903727600017200000260206200016896                         00000000400465352198000000000000000000000000060606092126/400465300000000400465352198070921000000000800065500001  000000000000000000000000000000000000000000000000000000000000000000000000000000000000000800000000000000000000000000000   080921             00000000000000                                                                  000156
1021903727600017200000260206200016896                         00000000400470167099000000000000000000000000060606092126/400470100000000400470167099090921000000000800065500001  000000000000000000000000000000000000000000000000000000000000000000000000000000000000000800000000000000000000000000000   080921             00000000000000                                                                  000157
1021903727600017200000260206200016896                         00000000400476695097000000000000000000000000060606092126/400476600000000400476695097090921000000000800065500001  000000000000000000000000000000000000000000000000000000000000000000000000000000000000000800000000000000000000000000000   080921             00000000000000                                                                  000158
1021903727600017200000260206200016896                         00000000400477526434000000000000000000000000060606092126/400477500000000400477526434070921000000000800065500001  000000000000000000000000000000000000000000000000000000000000000000000000000000000000000800000000000000000000000000000   080921             00000000000000                                                                  000159
1021903727600017200000260206200016896                         00000000400508961932000000000000000000000000060606092126/400508900000000400508961932090921000000002000023700536  000000000000000000000000000000000000000000000000000000000000000000000000000000000000002000000000000000000000000000000   080921             00000000000000                                                                  000160
1021903727600017200000260206200016896                         00000000400529189792000000000000000000000000060606092126/400529100000000400529189792090921000000001300008501071  000000000000000000000000000000000000000000000000000000000000000000000000000000000000001300000000000000000000000000000   080921             00000000000000                                                                  000161
1021903727600017200000260206200016896                         00000000400532351711000000000000000000000000060606092126/400532300000000400532351711070921000000000800065500001  000000000000000000000000000000000000000000000000000000000000000000000000000000000000000800000000000000000000000000000   080921             00000000000000                                                                  000162
1021903727600017200000260206200016896                         00000000400538017430000000000000000000000000060606092126/400538000000000400538017430090921000000000800065500001  000000000000000000000000000000000000000000000000000000000000000000000000000000000000000800000000000000000000000000000   080921             00000000000000                                                                  000163
1021903727600017200000260206200016896                         00000000400543954647000000000000000000000000060606092126/400543900000000400543954647090921000000001140010403792  000000000000000000000000000000000000000000000000000000000000000000000000000000000000001140000000000000000000000000000   080921             00000000000000                                                                  000164
1021903727600017200000260206200016896                         00000000400554678285000000000000000000000000060606092126/400554600000000400554678285050921000000012000075601396  000000000000000000000000000000000000000000000000000000000000000000000000000000000000012000000000000000000000000000000   080921             00000000000000                                                                  000165
1021903727600017200000260206200016896                         00000000400565376051000000000000000000000000060606092126/400565300000000400565376051070921000000000800065500001  000000000000000000000000000000000000000000000000000000000000000000000000000000000000000800000000000000000000000000000   080921             00000000000000                                                                  000166
1021903727600017200000260206200016896                         00000000400586340723000000000000000000000000060606092126/400586300000000400586340723090921000000004150075604117  000000000000000000000000000000000000000000000000000000000000000000000000000000000000004150000000000000000000000000000   080921             00000000000000                                                                  000167
1021903727600017200000260206200016896                         00000000400593796260000000000000000000000000060606092126/400593700000000400593796260090921000000000800075604327  000000000000000000000000000000000000000000000000000000000000000000000000000000000000000800000000000000000000000000000   080921             00000000000000                                                                  000168
1021903727600017200000260206200016896                         00000000400598848153000000000000000000000000060606092126/400598800000000400598848153090921000000000830075604327  000000000000000000000000000000000000000000000000000000000000000000000000000000000000000830000000000000000000000000000   080921             00000000000000                                                                  000169
1021903727600017200000260206200016896                         00000000400606677568000000000000000000000000060606092126/400606600000000400606677568090921000000005760002100054  000000000000000000000000000000000000000000000000000000000000000000000000000000000000005760000000000000000000000000000   080921             00000000000000                                                                  000170
1021903727600017200000260206200016896                         0000000040062853079P000000000000000000000000060606092126/40062850000000040062853079P090921000000005000013301529  000000000000000000000000000000000000000000000000000000000000000000000000000000000000005000000000000000000000000000000   080921             00000000000000                                                                  000171
1021903727600017200000260206200016896                         00000000400643231901000000000000000000000000060606092126/400643200000000400643231901070921000000003980075601396  000000000000000000000000000000000000000000000000000000000000000000000000000000000000003980000000000000000000000000000   080921             00000000000000                                                                  000172
1021903727600017200000260206200016896                         00000000400652956617000000000000000000000000060606092126/400652900000000400652956617070921000000002000023701296  000000000000000000000000000000000000000000000000000000000000000000000000000000000000002000000000000000000000000000000   080921             00000000000000                                                                  000173
1021903727600017200000260206200016896                         00000000400666680924000000000000000000000000060606092126/400666600000000400666680924090921000000002790004100377  000000000000000000000000000000000000000000000000000000000000000000000000000000000000002790000000000000000000000000000   080921             00000000000000                                                                  000174
1021903727600017200000260206200016896                         00000000400670191466000000000000000000000000060606092126/400670100000000400670191466070921000000000800065500001  000000000000000000000000000000000000000000000000000000000000000000000000000000000000000800000000000000000000000000000   080921             00000000000000                                                                  000175
1021903727600017200000260206200016896                         00000000400678123273000000000000000000000000060606092126/400678100000000400678123273090921000000000820075604327  000000000000000000000000000000000000000000000000000000000000000000000000000000000000000820000000000000000000000000000   080921             00000000000000                                                                  000176
1021903727600017200000260206200016896                         00000000400681877777000000000000000000000000060606092126/400681800000000400681877777070921000000000800065500001  000000000000000000000000000000000000000000000000000000000000000000000000000000000000000800000000000000000000000000000   080921             00000000000000                                                                  000177
1021903727600017200000260206200016896                         00000000400720379879000000000000000000000000060606092126/400720300000000400720379879090921000000000800075600259  000000000000000000000000000000000000000000000000000000000000000000000000000000000000000800000000000000000000000000000   080921             00000000000000                                                                  000178
1021903727600017200000260206200016896                         00000000400724289068000000000000000000000000060606092126/400724200000000400724289068090921000000000800065500001  000000000000000000000000000000000000000000000000000000000000000000000000000000000000000800000000000000000000000000000   080921             00000000000000                                                                  000179
1021903727600017200000260206200016896                         00000000400724730392000000000000000000000000060606092126/400724700000000400724730392070921000000000800065500001  000000000000000000000000000000000000000000000000000000000000000000000000000000000000000800000000000000000000000000000   080921             00000000000000                                                                  000180
1021903727600017200000260206200016896                         00000000400730487807000000000000000000000000060606092126/400730400000000400730487807090921000000020800063300001  000000000000000000000000000000000000000000000000000000000000000000000000000000000000020800000000000000000000000000000   080921             00000000000000                                                                  000181
1021903727600017200000260206200016896                         00000000400739795865000000000000000000000000060606092126/400739700000000400739795865040921000000000800000100032  000000000000000000000000000000000000000000000000000000000000000000000000000000000000000800000000000000000000000000000   080921             00000000000000                                                                  000182
1021903727600017200000260206200016896                         00000000400745466288000000000000000000000000060606092126/400745400000000400745466288090921000000000830075604327  000000000000000000000000000000000000000000000000000000000000000000000000000000000000000830000000000000000000000000000   080921             00000000000000                                                                  000183
1021903727600017200000260206200016896                         00000000400756728756000000000000000000000000060606092126/400756700000000400756728756090921000000001000075604327  000000000000000000000000000000000000000000000000000000000000000000000000000000000000001000000000000000000000000000000   080921             00000000000000                                                                  000184
1021903727600017200000260206200016896                         00000000400758493187000000000000000000000000060606092126/400758400000000400758493187090921000000000800075604327  000000000000000000000000000000000000000000000000000000000000000000000000000000000000000800000000000000000000000000000   080921             00000000000000                                                                  000185
1021903727600017200000260206200016896                         00000000400785852695000000000000000000000000060606092126/400785800000000400785852695070921000000000800065500001  000000000000000000000000000000000000000000000000000000000000000000000000000000000000000800000000000000000000000000000   080921             00000000000000                                                                  000186
1021903727600017200000260206200016896                         0000000040079766794P000000000000000000000000060606092126/40079760000000040079766794P070921000000000800000101218  000000000000000000000000000000000000000000000000000000000000000000000000000000000000000800000000000000000000000000000   080921             00000000000000                                                                  000187
1021903727600017200000260206200016896                         00000000400799288946000000000000000000000000060606092126/400799200000000400799288946060921000000004040075601396  000000000000000000000000000000000000000000000000000000000000000000000000000000000000004040000000000000000000000000000   080921             00000000000000                                                                  000188
1021903727600017200000260206200016896                         00000000400801249864000000000000000000000000060606092126/400801200000000400801249864090921000000005000000100922  000000000000000000000000000000000000000000000000000000000000000000000000000000000000005000000000000000000000000000000   080921             00000000000000                                                                  000189
1021903727600017200000260206200016896                         00000000400813311565000000000000000000000000060606092126/400813300000000400813311565070921000000000800065500001  000000000000000000000000000000000000000000000000000000000000000000000000000000000000000800000000000000000000000000000   080921             00000000000000                                                                  000190
1021903727600017200000260206200016896                         00000000400817984858000000000000000000000000060606092126/400817900000000400817984858090921000000000800065500001  000000000000000000000000000000000000000000000000000000000000000000000000000000000000000800000000000000000000000000000   080921             00000000000000                                                                  000191
1021903727600017200000260206200016896                         00000000400818063640000000000000000000000000060606092126/400818000000000400818063640070921000000003000023702835  000000000000000000000000000000000000000000000000000000000000000000000000000000000000003000000000000000000000000000000   080921             00000000000000                                                                  000192
1021903727600017200000260206200016896                         00000000400850469187000000000000000000000000060606092126/400850400000000400850469187070921000000005000074807114  000000000000000000000000000000000000000000000000000000000000000000000000000000000000005000000000000000000000000000000   080921             00000000000000                                                                  000193
1021903727600017200000260206200016896                         00000000400868556087000000000000000000000000060606092126/400868500000000400868556087090921000000000800075604327  000000000000000000000000000000000000000000000000000000000000000000000000000000000000000800000000000000000000000000000   080921             00000000000000                                                                  000194
1021903727600017200000260206200016896                         00000000400878615383000000000000000000000000060606092126/400878600000000400878615383090921000000001000010401559  000000000000000000000000000000000000000000000000000000000000000000000000000000000000001000000000000000000000000000000   080921             00000000000000                                                                  000195
1021903727600017200000260206200016896                         00000000400878691411000000000000000000000000060606092126/400878600000000400878691411090921000000002000075604327  000000000000000000000000000000000000000000000000000000000000000000000000000000000000002000000000000000000000000000000   080921             00000000000000                                                                  000196
1021903727600017200000260206200016896                         00000000400880676950000000000000000000000000060606092126/400880600000000400880676950090921000000000850075604327  000000000000000000000000000000000000000000000000000000000000000000000000000000000000000850000000000000000000000000000   080921             00000000000000                                                                  000197
1021903727600017200000260206200016896                         00000000400891088449000000000000000000000000060606092126/400891000000000400891088449090921000000000810075604327  000000000000000000000000000000000000000000000000000000000000000000000000000000000000000810000000000000000000000000000   080921             00000000000000                                                                  000198
1021903727600017200000260206200016896                         00000000400906151681000000000000000000000000060606092126/400906100000000400906151681090921000000000850075604327  000000000000000000000000000000000000000000000000000000000000000000000000000000000000000850000000000000000000000000000   080921             00000000000000                                                                  000199
1021903727600017200000260206200016896                         00000000400925622695000000000000000000000000060606092126/400925600000000400925622695060921000000001500010403880  000000000000000000000000000000000000000000000000000000000000000000000000000000000000001500000000000000000000000000000   080921             00000000000000                                                                  000200
1021903727600017200000260206200016896                         00000000400958518699000000000000000000000000060606092126/400958500000000400958518699090921000000000800075604327  000000000000000000000000000000000000000000000000000000000000000000000000000000000000000800000000000000000000000000000   080921             00000000000000                                                                  000201
1021903727600017200000260206200016896                         00000000400959797389000000000000000000000000060606092126/400959700000000400959797389090921000000004750010402954  000000000000000000000000000000000000000000000000000000000000000000000000000000000000004750000000000000000000000000000   080921             00000000000000                                                                  000202
1021903727600017200000260206200016896                         00000000400961344723000000000000000000000000060606092126/400961300000000400961344723090921000000040000026000001  000000000000000000000000000000000000000000000000000000000000000000000000000000000000040000000000000000000000000000000   080921             00000000000000                                                                  000203
1021903727600017200000260206200016896                         00000000400964460449000000000000000000000000060606092126/400964400000000400964460449090921000000000810075600259  000000000000000000000000000000000000000000000000000000000000000000000000000000000000000810000000000000000000000000000   080921             00000000000000                                                                  000204
1021903727600017200000260206200016896                         00000000400970975655000000000000000000000000060606092126/400970900000000400970975655090921000000003000010400280  000000000000000000000000000000000000000000000000000000000000000000000000000000000000003000000000000000000000000000000   080921             00000000000000                                                                  000205
1021903727600017200000260206200016896                         00000000400973960098000000000000000000000000060606092126/400973900000000400973960098090921000000012000023701514  000000000000000000000000000000000000000000000000000000000000000000000000000000000000012000000000000000000000000000000   080921             00000000000000                                                                  000206
1021903727600017200000260206200016896                         00000000600418364845000000000000000000000000060606092126/600418300000000600418364845090921000000000079921200001  000000000000000000000000000000000000000000000000000000000000000000000000000000000000000079900000000000000000000000000   080921             00000000000000                                                                  000207
1021903727600017200000260206200016896                         00000000600509545281000000000000000000000000060606092126/600509500000000600509545281070921000000000069926000001  000000000000000000000000000000000000000000000000000000000000000000000000000000000000000069900000000000000000000000000   080921             00000000000000                                                                  000208
1021903727600017200000260206200016896                         00000000600829371257000000000000000000000000060606092126/600829300000000600829371257080921000000000500021200001  000000000000000000000000000000000000000000000000000000000000000000000000000000000000000500000000000000000000000000000   080921             00000000000000                                                                  000209
1021903727600017200000260206200016896                         00000000600892806603000000000000000000000000060606092126/600892800000000600892806603050921000000000500034102732  000000000000000000000000000000000000000000000000000000000000000000000000000000000000000500000000000000000000000000000   080921             00000000000000                                                                  000210
1021903727600017200000260206200016896                         00000000200007361952000000000000000000000000061006092126/200007300000000200007361952060721000000000297523700000  000000000000000000000000000000000000000000000000000000000000000000000000000000000000000000000000000000000000000000000                          1600000000                                                                  000211
1021903727600017200000260206200016896                         00000000200457963472000000000000000000000000061006092126/200457900000000200457963472060721000000000319923700000  000000000000000000000000000000000000000000000000000000000000000000000000000000000000000000000000000000000000000000000                          1600000000                                                                  000212
1021903727600017200000260206200016896                         00000000200840367905000000000000000000000000061006092126/200840300000000200840367905050721000000000905823700000  000000000000000000000000000000000000000000000000000000000000000000000000000000000000000000000000000000000000000000000                          1600000000                                                                  000213
1021903727600017200000260206200016896                         00000000200842918577000000000000000000000000061006092126/200842900000000200842918577060721000000000297523700000  000000000000000000000000000000000000000000000000000000000000000000000000000000000000000000000000000000000000000000000                          1600000000                                                                  000214
1021903727600017200000260206200016896                         00000000200867529567000000000000000000000000061006092126/200867500000000200867529567060721000000000297523700000  000000000000000000000000000000000000000000000000000000000000000000000000000000000000000000000000000000000000000000000                          1600000000                                                                  000215
1021903727600017200000260206200016896                         00000000200911471024000000000000000000000000061006092126/200911400000000200911471024050721000000000319923700000  000000000000000000000000000000000000000000000000000000000000000000000000000000000000000000000000000000000000000000000                          1600000000                                                                  000216
1021903727600017200000260206200016896                         00000000400101280825000000000000000000000000061006092126/400101200000000400101280825050721000000000800023700000  000000000000000000000000000000000000000000000000000000000000000000000000000000000000000000000000000000000000000000000                          1600000000                                                                  000217
1021903727600017200000260206200016896                         00000000400124213440000000000000000000000000061006092126/400124200000000400124213440050721000000000800023700000  000000000000000000000000000000000000000000000000000000000000000000000000000000000000000000000000000000000000000000000                          1600000000                                                                  000218
1021903727600017200000260206200016896                         00000000400160867937000000000000000000000000061006092126/400160800000000400160867937050721000000000800023700000  000000000000000000000000000000000000000000000000000000000000000000000000000000000000000000000000000000000000000000000                          1600000000                                                                  000219
1021903727600017200000260206200016896                         00000000400171415345000000000000000000000000061006092126/400171400000000400171415345050721000000000800023700000  000000000000000000000000000000000000000000000000000000000000000000000000000000000000000000000000000000000000000000000                          1600000000                                                                  000220
1021903727600017200000260206200016896                         00000000400229962791000000000000000000000000061006092126/400229900000000400229962791050721000000000800023700000  000000000000000000000000000000000000000000000000000000000000000000000000000000000000000000000000000000000000000000000                          1600000000                                                                  000221
1021903727600017200000260206200016896                         00000000400252876452000000000000000000000000061006092126/400252800000000400252876452050721000000003400023700000  000000000000000000000000000000000000000000000000000000000000000000000000000000000000000000000000000000000000000000000                          1600000000                                                                  000222
1021903727600017200000260206200016896                         00000000400323641508000000000000000000000000061006092126/400323600000000400323641508050721000000000800023700000  000000000000000000000000000000000000000000000000000000000000000000000000000000000000000000000000000000000000000000000                          1600000000                                                                  000223
1021903727600017200000260206200016896                         00000000400335250849000000000000000000000000061006092126/400335200000000400335250849050721000000003500023700000  000000000000000000000000000000000000000000000000000000000000000000000000000000000000000000000000000000000000000000000                          1600000000                                                                  000224
1021903727600017200000260206200016896                         00000000400348476951000000000000000000000000061006092126/400348400000000400348476951050721000000001050023700000  000000000000000000000000000000000000000000000000000000000000000000000000000000000000000000000000000000000000000000000                          1600000000                                                                  000225
1021903727600017200000260206200016896                         00000000400364195776000000000000000000000000061006092126/400364100000000400364195776050721000000000800023700000  000000000000000000000000000000000000000000000000000000000000000000000000000000000000000000000000000000000000000000000                          1600000000                                                                  000226
1021903727600017200000260206200016896                         00000000400405526677000000000000000000000000061006092126/400405500000000400405526677050721000000000800023700000  000000000000000000000000000000000000000000000000000000000000000000000000000000000000000000000000000000000000000000000                          1600000000                                                                  000227
1021903727600017200000260206200016896                         00000000400411208008000000000000000000000000061006092126/400411200000000400411208008050721000000000800023700000  000000000000000000000000000000000000000000000000000000000000000000000000000000000000000000000000000000000000000000000                          1600000000                                                                  000228
1021903727600017200000260206200016896                         00000000400527376013000000000000000000000000061006092126/400527300000000400527376013050721000000000800023700000  000000000000000000000000000000000000000000000000000000000000000000000000000000000000000000000000000000000000000000000                          1600000000                                                                  000229
1021903727600017200000260206200016896                         00000000400609638695000000000000000000000000061006092126/400609600000000400609638695050721000000000800023700000  000000000000000000000000000000000000000000000000000000000000000000000000000000000000000000000000000000000000000000000                          1600000000                                                                  000230
1021903727600017200000260206200016896                         00000000400637652229000000000000000000000000061006092126/400637600000000400637652229050721000000000800023700000  000000000000000000000000000000000000000000000000000000000000000000000000000000000000000000000000000000000000000000000                          1600000000                                                                  000231
1021903727600017200000260206200016896                         0000000040069847031P000000000000000000000000061006092126/40069840000000040069847031P050721000000000800023700000  000000000000000000000000000000000000000000000000000000000000000000000000000000000000000000000000000000000000000000000                          1600000000                                                                  000232
1021903727600017200000260206200016896                         00000000400724706076000000000000000000000000061006092126/400724700000000400724706076050721000000003000023700000  000000000000000000000000000000000000000000000000000000000000000000000000000000000000000000000000000000000000000000000                          1600000000                                                                  000233
1021903727600017200000260206200016896                         00000000400772855474000000000000000000000000061006092126/400772800000000400772855474050721000000000800023700000  000000000000000000000000000000000000000000000000000000000000000000000000000000000000000000000000000000000000000000000                          1600000000                                                                  000234
1021903727600017200000260206200016896                         00000000400867594120000000000000000000000000061006092126/400867500000000400867594120050721000000000800023700000  000000000000000000000000000000000000000000000000000000000000000000000000000000000000000000000000000000000000000000000                          1600000000                                                                  000235
1021903727600017200000260206200016896                         00000000400886881912000000000000000000000000061006092126/400886800000000400886881912060721000000000800023700000  000000000000000000000000000000000000000000000000000000000000000000000000000000000000000000000000000000000000000000000                          1600000000                                                                  000236
1021903727600017200000260206200016896                         00000000400908824195000000000000000000000000061006092126/400908800000000400908824195050721000000000800023700000  000000000000000000000000000000000000000000000000000000000000000000000000000000000000000000000000000000000000000000000                          1600000000                                                                  000237
1021903727600017200000260206200016896                         00000000400910660582000000000000000000000000061006092126/400910600000000400910660582050721000000000800023700000  000000000000000000000000000000000000000000000000000000000000000000000000000000000000000000000000000000000000000000000                          1600000000                                                                  000238
1021903727600017200000260206200016896                         00000000600683554524000000000000000000000000061006092126/600683500000000600683554524050721000000000500023700000  000000000000000000000000000000000000000000000000000000000000000000000000000000000000000000000000000000000000000000000                          1600000000                                                                  000239
1021903727600017200000260206200016896                         00000000600828807620000000000000000000000000061006092126/600828800000000600828807620050721000000000500023700000  000000000000000000000000000000000000000000000000000000000000000000000000000000000000000000000000000000000000000000000                          1600000000                                                                  000240
1021903727600017200000260206200016896                         00000000600874677995000000000000000000000000061006092126/600874600000000600874677995070721000000000119923700000  000000000000000000000000000000000000000000000000000000000000000000000000000000000000000000000000000000000000000000000                          1600000000                                                                  000241
1021903727600017200000260206200016896                         00000000600952213267000000000000000000000000061006092126/600952200000000600952213267070721000000000079923700000  000000000000000000000000000000000000000000000000000000000000000000000000000000000000000000000000000000000000000000000                          1600000000                                                                  000242
1021903727600017200000260206200016896                         00000000600998142445000000000000000000000000061006092126/600998100000000600998142445060721000000000069923700000  000000000000000000000000000000000000000000000000000000000000000000000000000000000000000000000000000000000000000000000                          1600000000                                                                  000243
9201237          000007470000001701478100000761          00111000003509375000003242470000980000032424700003300000029057800000000000000000000000000000000000000000000000000000000000000000000                                                                                                                                                                              00000000000000000000000         000244
