02RETORNO01COBRANCA       00000000000005034448E-PREPAG ADMINISTRADORA DE CAR237BRADESCO       0601220160000000844                                                                                                                                                                                                                                                                          070122         000001
1021903727600017200000260206200016896                         00000000200131737677000000000000000000000000060206012226/200131700000000200131737677090122000000000333823704151  000000000008200000000000000000000000000000000000000000000000000000000000000000000000000000000000000000000000000000000                          7600000000                                                                  000002
1021903727600017200000260206200016896                         00000000400104469813000000000000000000000000060206012226/400104400000000400104469813090122000000000800023704159  000000000008200000000000000000000000000000000000000000000000000000000000000000000000000000000000000000000000000000000                          0000000000                                                                  000003
1021903727600017200000260206200016896                         00000000400119820517000000000000000000000000060206012226/400119800000000400119820517090122000000002500023704422  000000000008200000000000000000000000000000000000000000000000000000000000000000000000000000000000000000000000000000000                          0000000000                                                                  000004
1021903727600017200000260206200016896                         00000000400123128008000000000000000000000000060206012226/400123100000000400123128008090122000000000800023704159  000000000008200000000000000000000000000000000000000000000000000000000000000000000000000000000000000000000000000000000                          0000000000                                                                  000005
1021903727600017200000260206200016896                         00000000400207670967000000000000000000000000060206012226/400207600000000400207670967090122000000001240023704159  000000000008200000000000000000000000000000000000000000000000000000000000000000000000000000000000000000000000000000000                          0000000000                                                                  000006
1021903727600017200000260206200016896                         00000000400228386037000000000000000000000000060206012226/400228300000000400228386037090122000000000800023704159  000000000008200000000000000000000000000000000000000000000000000000000000000000000000000000000000000000000000000000000                          0000000000                                                                  000007
1021903727600017200000260206200016896                         00000000400237522830000000000000000000000000060206012226/400237500000000400237522830090122000000000800023704159  000000000008200000000000000000000000000000000000000000000000000000000000000000000000000000000000000000000000000000000                          0000000000                                                                  000008
1021903727600017200000260206200016896                         00000000400256922785000000000000000000000000060206012226/400256900000000400256922785090122000000150000023704428  000000000008200000000000000000000000000000000000000000000000000000000000000000000000000000000000000000000000000000000                          7600000000                                                                  000009
1021903727600017200000260206200016896                         00000000400264806956000000000000000000000000060206012226/400264800000000400264806956090122000000010000023704157  000000000008200000000000000000000000000000000000000000000000000000000000000000000000000000000000000000000000000000000                          0000000000                                                                  000010
1021903727600017200000260206200016896                         00000000400274225250000000000000000000000000060206012226/400274200000000400274225250090122000000012000023704154  000000000008200000000000000000000000000000000000000000000000000000000000000000000000000000000000000000000000000000000                          0000000000                                                                  000011
1021903727600017200000260206200016896                         00000000400296748540000000000000000000000000060206012226/400296700000000400296748540090122000000000800023704159  000000000008200000000000000000000000000000000000000000000000000000000000000000000000000000000000000000000000000000000                          0000000000                                                                  000012
1021903727600017200000260206200016896                         00000000400362982223000000000000000000000000060206012226/400362900000000400362982223090122000000000800023704159  000000000008200000000000000000000000000000000000000000000000000000000000000000000000000000000000000000000000000000000                          0000000000                                                                  000013
1021903727600017200000260206200016896                         00000000400397681889000000000000000000000000060206012226/400397600000000400397681889090122000000001600023704426  000000000008200000000000000000000000000000000000000000000000000000000000000000000000000000000000000000000000000000000                          0000000000                                                                  000014
1021903727600017200000260206200016896                         00000000400405203010000000000000000000000000060206012226/400405200000000400405203010090122000000008000023700321  000000000008200000000000000000000000000000000000000000000000000000000000000000000000000000000000000000000000000000000                          0000000000                                                                  000015
1021903727600017200000260206200016896                         00000000400410938061000000000000000000000000060206012226/400410900000000400410938061090122000000000800023704159  000000000008200000000000000000000000000000000000000000000000000000000000000000000000000000000000000000000000000000000                          0000000000                                                                  000016
1021903727600017200000260206200016896                         00000000400411348586000000000000000000000000060206012226/400411300000000400411348586090122000000000800023704159  000000000008200000000000000000000000000000000000000000000000000000000000000000000000000000000000000000000000000000000                          0000000000                                                                  000017
1021903727600017200000260206200016896                         00000000400497515676000000000000000000000000060206012226/400497500000000400497515676090122000000000800023704159  000000000008200000000000000000000000000000000000000000000000000000000000000000000000000000000000000000000000000000000                          0000000000                                                                  000018
1021903727600017200000260206200016896                         00000000400504462974000000000000000000000000060206012226/400504400000000400504462974090122000000004000023700321  000000000008200000000000000000000000000000000000000000000000000000000000000000000000000000000000000000000000000000000                          0000000000                                                                  000019
1021903727600017200000260206200016896                         00000000400593858266000000000000000000000000060206012226/400593800000000400593858266090122000000000940023704452  000000000008200000000000000000000000000000000000000000000000000000000000000000000000000000000000000000000000000000000                          7600000000                                                                  000020
1021903727600017200000260206200016896                         00000000400617231642000000000000000000000000060206012226/400617200000000400617231642090122000000000800023704159  000000000008200000000000000000000000000000000000000000000000000000000000000000000000000000000000000000000000000000000                          0000000000                                                                  000021
1021903727600017200000260206200016896                         00000000400637347582000000000000000000000000060206012226/400637300000000400637347582090122000000000800023704159  000000000008200000000000000000000000000000000000000000000000000000000000000000000000000000000000000000000000000000000                          0000000000                                                                  000022
1021903727600017200000260206200016896                         00000000400715447726000000000000000000000000060206012226/400715400000000400715447726090122000000000800023704159  000000000008200000000000000000000000000000000000000000000000000000000000000000000000000000000000000000000000000000000                          0000000000                                                                  000023
1021903727600017200000260206200016896                         00000000400743250709000000000000000000000000060206012226/400743200000000400743250709090122000000000800023704159  000000000008200000000000000000000000000000000000000000000000000000000000000000000000000000000000000000000000000000000                          0000000000                                                                  000024
1021903727600017200000260206200016896                         00000000400792136733000000000000000000000000060206012226/400792100000000400792136733090122000000000800023704159  000000000008200000000000000000000000000000000000000000000000000000000000000000000000000000000000000000000000000000000                          0000000000                                                                  000025
1021903727600017200000260206200016896                         00000000400847306471000000000000000000000000060206012226/400847300000000400847306471090122000000001510023704143  000000000008200000000000000000000000000000000000000000000000000000000000000000000000000000000000000000000000000000000                          7600000000                                                                  000026
1021903727600017200000260206200016896                         00000000400871620438000000000000000000000000060206012226/400871600000000400871620438090122000000000800023704159  000000000008200000000000000000000000000000000000000000000000000000000000000000000000000000000000000000000000000000000                          0000000000                                                                  000027
1021903727600017200000260206200016896                         00000000200131737677000000000000000000000000060606012226/200131700000000200131737677090122000000000333803301041  000000000000000000000000000000000000000000000000000000000000000000000000000000000000000333800000000000000000000000000   070122             00000000000000                                                                  000028
1021903727600017200000260206200016896                         00000000200497659075000000000000000000000000060606012226/200497600000000200497659075080122000000000319910401595  000000000000000000000000000000000000000000000000000000000000000000000000000000000000000319900000000000000000000000000   070122             00000000000000                                                                  000029
1021903727600017200000260206200016896                         00000000400104469813000000000000000000000000060606012226/400104400000000400104469813090122000000000800065500001  000000000000000000000000000000000000000000000000000000000000000000000000000000000000000800000000000000000000000000000   070122             00000000000000                                                                  000030
1021903727600017200000260206200016896                         00000000400119820517000000000000000000000000060606012226/400119800000000400119820517090122000000002500023703052  000000000000000000000000000000000000000000000000000000000000000000000000000000000000002500000000000000000000000000000   070122             00000000000000                                                                  000031
1021903727600017200000260206200016896                         00000000400123128008000000000000000000000000060606012226/400123100000000400123128008090122000000000800065500001  000000000000000000000000000000000000000000000000000000000000000000000000000000000000000800000000000000000000000000000   070122             00000000000000                                                                  000032
1021903727600017200000260206200016896                         00000000400139662934000000000000000000000000060606012226/400139600000000400139662934030122000000000800075600259  000000000000000000000000000000000000000000000000000000000000000000000000000000000000000800000000000000000000000000000   070122             00000000000000                                                                  000033
1021903727600017200000260206200016896                         00000000400207670967000000000000000000000000060606012226/400207600000000400207670967090122000000001240075604327  000000000000000000000000000000000000000000000000000000000000000000000000000000000000001240000000000000000000000000000   070122             00000000000000                                                                  000034
1021903727600017200000260206200016896                         00000000400228386037000000000000000000000000060606012226/400228300000000400228386037090122000000000800065500001  000000000000000000000000000000000000000000000000000000000000000000000000000000000000000800000000000000000000000000000   070122             00000000000000                                                                  000035
1021903727600017200000260206200016896                         00000000400237522830000000000000000000000000060606012226/400237500000000400237522830090122000000000800065500001  000000000000000000000000000000000000000000000000000000000000000000000000000000000000000800000000000000000000000000000   070122             00000000000000                                                                  000036
1021903727600017200000260206200016896                         00000000400296748540000000000000000000000000060606012226/400296700000000400296748540090122000000000800065500001  000000000000000000000000000000000000000000000000000000000000000000000000000000000000000800000000000000000000000000000   070122             00000000000000                                                                  000037
1021903727600017200000260206200016896                         00000000400362982223000000000000000000000000060606012226/400362900000000400362982223090122000000000800065500001  000000000000000000000000000000000000000000000000000000000000000000000000000000000000000800000000000000000000000000000   070122             00000000000000                                                                  000038
1021903727600017200000260206200016896                         00000000400397681889000000000000000000000000060606012226/400397600000000400397681889090122000000001600004100377  000000000000000000000000000000000000000000000000000000000000000000000000000000000000001600000000000000000000000000000   070122             00000000000000                                                                  000039
1021903727600017200000260206200016896                         00000000400405203010000000000000000000000000060606012226/400405200000000400405203010090122000000008000007700001  000000000000000000000000000000000000000000000000000000000000000000000000000000000000008000000000000000000000000000000   070122             00000000000000                                                                  000040
1021903727600017200000260206200016896                         00000000400410938061000000000000000000000000060606012226/400410900000000400410938061090122000000000800065500001  000000000000000000000000000000000000000000000000000000000000000000000000000000000000000800000000000000000000000000000   070122             00000000000000                                                                  000041
1021903727600017200000260206200016896                         00000000400411348586000000000000000000000000060606012226/400411300000000400411348586090122000000000800065500001  000000000000000000000000000000000000000000000000000000000000000000000000000000000000000800000000000000000000000000000   070122             00000000000000                                                                  000042
1021903727600017200000260206200016896                         00000000400497515676000000000000000000000000060606012226/400497500000000400497515676090122000000000800065500001  000000000000000000000000000000000000000000000000000000000000000000000000000000000000000800000000000000000000000000000   070122             00000000000000                                                                  000043
1021903727600017200000260206200016896                         00000000400504462974000000000000000000000000060606012226/400504400000000400504462974090122000000004000007700001  000000000000000000000000000000000000000000000000000000000000000000000000000000000000004000000000000000000000000000000   070122             00000000000000                                                                  000044
1021903727600017200000260206200016896                         00000000400617231642000000000000000000000000060606012226/400617200000000400617231642090122000000000800065500001  000000000000000000000000000000000000000000000000000000000000000000000000000000000000000800000000000000000000000000000   070122             00000000000000                                                                  000045
1021903727600017200000260206200016896                         00000000400637347582000000000000000000000000060606012226/400637300000000400637347582090122000000000800065500001  000000000000000000000000000000000000000000000000000000000000000000000000000000000000000800000000000000000000000000000   070122             00000000000000                                                                  000046
1021903727600017200000260206200016896                         00000000400715447726000000000000000000000000060606012226/400715400000000400715447726090122000000000800065500001  000000000000000000000000000000000000000000000000000000000000000000000000000000000000000800000000000000000000000000000   070122             00000000000000                                                                  000047
1021903727600017200000260206200016896                         00000000400743250709000000000000000000000000060606012226/400743200000000400743250709090122000000000800065500001  000000000000000000000000000000000000000000000000000000000000000000000000000000000000000800000000000000000000000000000   070122             00000000000000                                                                  000048
1021903727600017200000260206200016896                         00000000400792136733000000000000000000000000060606012226/400792100000000400792136733090122000000000800065500001  000000000000000000000000000000000000000000000000000000000000000000000000000000000000000800000000000000000000000000000   070122             00000000000000                                                                  000049
1021903727600017200000260206200016896                         00000000400847306471000000000000000000000000060606012226/400847300000000400847306471090122000000001510023702151  000000000000000000000000000000000000000000000000000000000000000000000000000000000000001510000000000000000000000000000   070122             00000000000000                                                                  000050
1021903727600017200000260206200016896                         00000000400871620438000000000000000000000000060606012226/400871600000000400871620438090122000000000800065500001  000000000000000000000000000000000000000000000000000000000000000000000000000000000000000800000000000000000000000000000   070122             00000000000000                                                                  000051
1021903727600017200000260206200016896                         00000000200150064691000000000000000000000000061006012226/200150000000000200150064691061121000000000500023700000  000000000000000000000000000000000000000000000000000000000000000000000000000000000000000000000000000000000000000000000                          1600000000                                                                  000052
1021903727600017200000260206200016896                         00000000200344807962000000000000000000000000061006012226/200344800000000200344807962061121000000000224423700000  000000000000000000000000000000000000000000000000000000000000000000000000000000000000000000000000000000000000000000000                          1600000000                                                                  000053
1021903727600017200000260206200016896                         00000000200382556035000000000000000000000000061006012226/200382500000000200382556035061121000000000319923700000  000000000000000000000000000000000000000000000000000000000000000000000000000000000000000000000000000000000000000000000                          1600000000                                                                  000054
1021903727600017200000260206200016896                         00000000200651521065000000000000000000000000061006012226/200651500000000200651521065061121000000001703423700000  000000000000000000000000000000000000000000000000000000000000000000000000000000000000000000000000000000000000000000000                          1600000000                                                                  000055
1021903727600017200000260206200016896                         00000000400382040186000000000000000000000000061006012226/400382000000000400382040186061121000000015000023700000  000000000000000000000000000000000000000000000000000000000000000000000000000000000000000000000000000000000000000000000                          1600000000                                                                  000056
1021903727600017200000260206200016896                         0000000040071359327P000000000000000000000000061006012226/40071350000000040071359327P061121000000001500023700000  000000000000000000000000000000000000000000000000000000000000000000000000000000000000000000000000000000000000000000000                          1600000000                                                                  000057
1021903727600017200000260206200016896                         00000000400872705011000000000000000000000000061006012226/400872700000000400872705011061121000000002800023700000  000000000000000000000000000000000000000000000000000000000000000000000000000000000000000000000000000000000000000000000                          1600000000                                                                  000058
9201237          000003320000001311989700000844          00026000002041238000000323037000240000003230370000700000022047700000000000000000000000000000000000000000000000000000000000000000000                                                                                                                                                                              00000000000000000000000         000059
