02RETORNO01COBRANCA       00000000000005034448E-PREPAG ADMINISTRADORA DE CAR237BRADESCO       0612210160000000822                                                                                                                                                                                                                                                                          071221         000001
1021903727600017200000260206200016896                         00000000100032106687000000000000000000000000060206122126/100032100000000100032106687071221000000002855523704400  000000000008200000000000000000000000000000000000000000000000000000000000000000000000000000000000000000000000000000000                          0000000000                                                                  000002
1021903727600017200000260206200016896                         00000000100032106954000000000000000000000000060206122126/100032100000000100032106954071221000000007847223704159  000000000008200000000000000000000000000000000000000000000000000000000000000000000000000000000000000000000000000000000                          0000000000                                                                  000003
1021903727600017200000260206200016896                         00000000100032108205000000000000000000000000060206122126/100032100000000100032108205071221000000000284023704151  000000000008200000000000000000000000000000000000000000000000000000000000000000000000000000000000000000000000000000000                          0000000000                                                                  000004
1021903727600017200000260206200016896                         00000000100032108981000000000000000000000000060206122126/100032100000000100032108981071221000000001530023704151  000000000008200000000000000000000000000000000000000000000000000000000000000000000000000000000000000000000000000000000                          0000000000                                                                  000005
1021903727600017200000260206200016896                         0000000010003211194P000000000000000000000000060206122126/10003210000000010003211194P071221000000005032723704152  000000000008200000000000000000000000000000000000000000000000000000000000000000000000000000000000000000000000000000000                          0000000000                                                                  000006
1021903727600017200000260206200016896                         00000000100032168038000000000000000000000000060206122126/100032100000000100032168038071221000000028121823704602  000000000008200000000000000000000000000000000000000000000000000000000000000000000000000000000000000000000000000000000                          0000000000                                                                  000007
1021903727600017200000260206200016896                         00000000100032170636000000000000000000000000060206122126/100032100000000100032170636071221000000001744923704436  000000000008200000000000000000000000000000000000000000000000000000000000000000000000000000000000000000000000000000000                          0000000000                                                                  000008
1021903727600017200000260206200016896                         00000000200092378273000000000000000000000000060206122126/200092300000000200092378273071221000000000471623704144  000000000008200000000000000000000000000000000000000000000000000000000000000000000000000000000000000000000000000000000                          0000000000                                                                  000009
1021903727600017200000260206200016896                         00000000200142809289000000000000000000000000060206122126/200142800000000200142809289091221000000000253423704151  000000000008200000000000000000000000000000000000000000000000000000000000000000000000000000000000000000000000000000000                          0000000000                                                                  000010
1021903727600017200000260206200016896                         00000000200245356673000000000000000000000000060206122126/200245300000000200245356673081221000000000330923704151  000000000008200000000000000000000000000000000000000000000000000000000000000000000000000000000000000000000000000000000                          0000000000                                                                  000011
1021903727600017200000260206200016896                         00000000200409387494000000000000000000000000060206122126/200409300000000200409387494081221000000000359123704151  000000000008200000000000000000000000000000000000000000000000000000000000000000000000000000000000000000000000000000000                          0000000000                                                                  000012
1021903727600017200000260206200016896                         00000000200578520357000000000000000000000000060206122126/200578500000000200578520357091221000000000302023704154  000000000008200000000000000000000000000000000000000000000000000000000000000000000000000000000000000000000000000000000                          0000000000                                                                  000013
1021903727600017200000260206200016896                         00000000200584854046000000000000000000000000060206122126/200584800000000200584854046071221000000000500023704151  000000000008200000000000000000000000000000000000000000000000000000000000000000000000000000000000000000000000000000000                          0000000000                                                                  000014
1021903727600017200000260206200016896                         00000000200680226986000000000000000000000000060206122126/200680200000000200680226986091221000000000302023704151  000000000008200000000000000000000000000000000000000000000000000000000000000000000000000000000000000000000000000000000                          0000000000                                                                  000015
1021903727600017200000260206200016896                         00000000200727193550000000000000000000000000060206122126/200727100000000200727193550071221000000000206523704426  000000000008200000000000000000000000000000000000000000000000000000000000000000000000000000000000000000000000000000000                          0000000000                                                                  000016
1021903727600017200000260206200016896                         00000000200769831603000000000000000000000000060206122126/200769800000000200769831603071221000000000219923700405  000000000008200000000000000000000000000000000000000000000000000000000000000000000000000000000000000000000000000000000                          0000000000                                                                  000017
1021903727600017200000260206200016896                         00000000200926266907000000000000000000000000060206122126/200926200000000200926266907091221000000001250023700140  000000000008200000000000000000000000000000000000000000000000000000000000000000000000000000000000000000000000000000000                          0000000000                                                                  000018
1021903727600017200000260206200016896                         00000000400118687732000000000000000000000000060206122126/400118600000000400118687732091221000000001600023704422  000000000008200000000000000000000000000000000000000000000000000000000000000000000000000000000000000000000000000000000                          7600000000                                                                  000019
1021903727600017200000260206200016896                         00000000400190880075000000000000000000000000060206122126/400190800000000400190880075091221000000000950023704602  000000000008200000000000000000000000000000000000000000000000000000000000000000000000000000000000000000000000000000000                          7600000000                                                                  000020
1021903727600017200000260206200016896                         00000000400245829864000000000000000000000000060206122126/400245800000000400245829864091221000000012000023704154  000000000008200000000000000000000000000000000000000000000000000000000000000000000000000000000000000000000000000000000                          0000000000                                                                  000021
1021903727600017200000260206200016896                         00000000400252998566000000000000000000000000060206122126/400252900000000400252998566091221000000000800023704422  000000000008200000000000000000000000000000000000000000000000000000000000000000000000000000000000000000000000000000000                          0000000000                                                                  000022
1021903727600017200000260206200016896                         00000000400289873143000000000000000000000000060206122126/400289800000000400289873143091221000000006000023704157  000000000008200000000000000000000000000000000000000000000000000000000000000000000000000000000000000000000000000000000                          0000000000                                                                  000023
1021903727600017200000260206200016896                         00000000400325128468000000000000000000000000060206122126/400325100000000400325128468091221000000006500023704159  000000000008200000000000000000000000000000000000000000000000000000000000000000000000000000000000000000000000000000000                          0000000000                                                                  000024
1021903727600017200000260206200016896                         00000000400342894840000000000000000000000000060206122126/400342800000000400342894840071221000000002500023704151  000000000008200000000000000000000000000000000000000000000000000000000000000000000000000000000000000000000000000000000                          0000000000                                                                  000025
1021903727600017200000260206200016896                         00000000400357425928000000000000000000000000060206122126/400357400000000400357425928091221000000003000023704426  000000000008200000000000000000000000000000000000000000000000000000000000000000000000000000000000000000000000000000000                          0000000000                                                                  000026
1021903727600017200000260206200016896                         00000000400361548503000000000000000000000000060206122126/400361500000000400361548503091221000000005400023704143  000000000008200000000000000000000000000000000000000000000000000000000000000000000000000000000000000000000000000000000                          0000000000                                                                  000027
1021903727600017200000260206200016896                         00000000400388623094000000000000000000000000060206122126/400388600000000400388623094091221000000099000023704151  000000000008200000000000000000000000000000000000000000000000000000000000000000000000000000000000000000000000000000000                          7600000000                                                                  000028
1021903727600017200000260206200016896                         00000000400393476229000000000000000000000000060206122126/400393400000000400393476229091221000000000800023703109  000000000008200000000000000000000000000000000000000000000000000000000000000000000000000000000000000000000000000000000                          0000000000                                                                  000029
1021903727600017200000260206200016896                         00000000400413226968000000000000000000000000060206122126/400413200000000400413226968091221000000001000023704422  000000000008200000000000000000000000000000000000000000000000000000000000000000000000000000000000000000000000000000000                          0000000000                                                                  000030
1021903727600017200000260206200016896                         00000000400420557694000000000000000000000000060206122126/400420500000000400420557694091221000000001500023704158  000000000008200000000000000000000000000000000000000000000000000000000000000000000000000000000000000000000000000000000                          0000000000                                                                  000031
1021903727600017200000260206200016896                         00000000400460703995000000000000000000000000060206122126/400460700000000400460703995091221000000000800023704422  000000000008200000000000000000000000000000000000000000000000000000000000000000000000000000000000000000000000000000000                          0000000000                                                                  000032
1021903727600017200000260206200016896                         00000000400461296897000000000000000000000000060206122126/400461200000000400461296897091221000000000800023704452  000000000008200000000000000000000000000000000000000000000000000000000000000000000000000000000000000000000000000000000                          0000000000                                                                  000033
1021903727600017200000260206200016896                         00000000400473727400000000000000000000000000060206122126/400473700000000400473727400091221000000000800023704422  000000000008200000000000000000000000000000000000000000000000000000000000000000000000000000000000000000000000000000000                          0000000000                                                                  000034
1021903727600017200000260206200016896                         00000000400475901610000000000000000000000000060206122126/400475900000000400475901610091221000000000800023704422  000000000008200000000000000000000000000000000000000000000000000000000000000000000000000000000000000000000000000000000                          0000000000                                                                  000035
1021903727600017200000260206200016896                         00000000400489790684000000000000000000000000060206122126/400489700000000400489790684091221000000150000023704428  000000000008200000000000000000000000000000000000000000000000000000000000000000000000000000000000000000000000000000000                          7600000000                                                                  000036
1021903727600017200000260206200016896                         00000000400492494530000000000000000000000000060206122126/400492400000000400492494530091221000000004590023704143  000000000008200000000000000000000000000000000000000000000000000000000000000000000000000000000000000000000000000000000                          0000000000                                                                  000037
1021903727600017200000260206200016896                         00000000400531266303000000000000000000000000060206122126/400531200000000400531266303091221000000000800023704151  000000000008200000000000000000000000000000000000000000000000000000000000000000000000000000000000000000000000000000000                          0000000000                                                                  000038
1021903727600017200000260206200016896                         0000000040053226083P000000000000000000000000060206122126/40053220000000040053226083P091221000000063840023704143  000000000008200000000000000000000000000000000000000000000000000000000000000000000000000000000000000000000000000000000                          0000000000                                                                  000039
1021903727600017200000260206200016896                         00000000400535326181000000000000000000000000060206122126/400535300000000400535326181091221000000012000023704154  000000000008200000000000000000000000000000000000000000000000000000000000000000000000000000000000000000000000000000000                          0000000000                                                                  000040
1021903727600017200000260206200016896                         00000000400541213631000000000000000000000000060206122126/400541200000000400541213631091221000000002000023704422  000000000008200000000000000000000000000000000000000000000000000000000000000000000000000000000000000000000000000000000                          0000000000                                                                  000041
1021903727600017200000260206200016896                         00000000400602871173000000000000000000000000060206122126/400602800000000400602871173091221000000005000023702062  000000000008200000000000000000000000000000000000000000000000000000000000000000000000000000000000000000000000000000000                          0000000000                                                                  000042
1021903727600017200000260206200016896                         00000000400634666075000000000000000000000000060206122126/400634600000000400634666075091221000000001000023704158  000000000008200000000000000000000000000000000000000000000000000000000000000000000000000000000000000000000000000000000                          0000000000                                                                  000043
1021903727600017200000260206200016896                         00000000400640559205000000000000000000000000060206122126/400640500000000400640559205091221000000000980023704602  000000000008200000000000000000000000000000000000000000000000000000000000000000000000000000000000000000000000000000000                          7600000000                                                                  000044
1021903727600017200000260206200016896                         00000000400656884343000000000000000000000000060206122126/400656800000000400656884343091221000000018000023704157  000000000008200000000000000000000000000000000000000000000000000000000000000000000000000000000000000000000000000000000                          0000000000                                                                  000045
1021903727600017200000260206200016896                         00000000400671750639000000000000000000000000060206122126/400671700000000400671750639091221000000000800023704151  000000000008200000000000000000000000000000000000000000000000000000000000000000000000000000000000000000000000000000000                          0000000000                                                                  000046
1021903727600017200000260206200016896                         00000000400683756497000000000000000000000000060206122126/400683700000000400683756497081221000000000800023700320  000000000008200000000000000000000000000000000000000000000000000000000000000000000000000000000000000000000000000000000                          0000000000                                                                  000047
1021903727600017200000260206200016896                         00000000400712431497000000000000000000000000060206122126/400712400000000400712431497091221000000004000023700153  000000000008200000000000000000000000000000000000000000000000000000000000000000000000000000000000000000000000000000000                          0000000000                                                                  000048
1021903727600017200000260206200016896                         00000000400749126627000000000000000000000000060206122126/400749100000000400749126627091221000000010000023702062  000000000008200000000000000000000000000000000000000000000000000000000000000000000000000000000000000000000000000000000                          0000000000                                                                  000049
1021903727600017200000260206200016896                         0000000040075878288P000000000000000000000000060206122126/40075870000000040075878288P091221000000000800023700140  000000000008200000000000000000000000000000000000000000000000000000000000000000000000000000000000000000000000000000000                          0000000000                                                                  000050
1021903727600017200000260206200016896                         00000000400780741712000000000000000000000000060206122126/400780700000000400780741712091221000000031570023704143  000000000008200000000000000000000000000000000000000000000000000000000000000000000000000000000000000000000000000000000                          0000000000                                                                  000051
1021903727600017200000260206200016896                         00000000400801734231000000000000000000000000060206122126/400801700000000400801734231071221000000010000023704400  000000000008200000000000000000000000000000000000000000000000000000000000000000000000000000000000000000000000000000000                          0000000000                                                                  000052
1021903727600017200000260206200016896                         00000000400819396376000000000000000000000000060206122126/400819300000000400819396376091221000000009240023700140  000000000008200000000000000000000000000000000000000000000000000000000000000000000000000000000000000000000000000000000                          0000000000                                                                  000053
1021903727600017200000260206200016896                         00000000400861868997000000000000000000000000060206122126/400861800000000400861868997091221000000001150023704426  000000000008200000000000000000000000000000000000000000000000000000000000000000000000000000000000000000000000000000000                          0000000000                                                                  000054
1021903727600017200000260206200016896                         00000000400863386396000000000000000000000000060206122126/400863300000000400863386396071221000000002500023703162  000000000008200000000000000000000000000000000000000000000000000000000000000000000000000000000000000000000000000000000                          0000000000                                                                  000055
1021903727600017200000260206200016896                         00000000400870130135000000000000000000000000060206122126/400870100000000400870130135091221000000001500023703109  000000000008200000000000000000000000000000000000000000000000000000000000000000000000000000000000000000000000000000000                          0000000000                                                                  000056
1021903727600017200000260206200016896                         0000000040089178478P000000000000000000000000060206122126/40089170000000040089178478P091221000000001000023704157  000000000008200000000000000000000000000000000000000000000000000000000000000000000000000000000000000000000000000000000                          0000000000                                                                  000057
1021903727600017200000260206200016896                         00000000400931117560000000000000000000000000060206122126/400931100000000400931117560091221000000000800023704422  000000000008200000000000000000000000000000000000000000000000000000000000000000000000000000000000000000000000000000000                          0000000000                                                                  000058
1021903727600017200000260206200016896                         00000000400962040612000000000000000000000000060206122126/400962000000000400962040612091221000000007000023700140  000000000008200000000000000000000000000000000000000000000000000000000000000000000000000000000000000000000000000000000                          0000000000                                                                  000059
1021903727600017200000260206200016896                         00000000400977633636000000000000000000000000060206122126/400977600000000400977633636071221000000001030023704151  000000000008200000000000000000000000000000000000000000000000000000000000000000000000000000000000000000000000000000000                          0000000000                                                                  000060
1021903727600017200000260206200016896                         0000000040098613118P000000000000000000000000060206122126/40098610000000040098613118P091221000000001000023704151  000000000008200000000000000000000000000000000000000000000000000000000000000000000000000000000000000000000000000000000                          0000000000                                                                  000061
1021903727600017200000260206200016896                         00000000400990810210000000000000000000000000060206122126/400990800000000400990810210061221000000007000023704159  000000000008200000000000000000000000000000000000000000000000000000000000000000000000000000000000000000000000000000000                          0000000000                                                                  000062
1021903727600017200000260206200016896                         00000000100032106687000000000000000000000000060606122126/100032100000000100032106687071221000000002855526000001  000000000000000000000000000000000000000000000000000000000000000000000000000000000000002855500000000000000000000000000   071221             00000000000000                                                                  000063
1021903727600017200000260206200016896                         00000000100032108205000000000000000000000000060606122126/100032100000000100032108205071221000000000284000103567  000000000000000000000000000000000000000000000000000000000000000000000000000000000000000284000000000000000000000000000   071221             00000000000000                                                                  000064
1021903727600017200000260206200016896                         0000000010003211194P000000000000000000000000060606122126/10003210000000010003211194P071221000000005032763300001  000000000000000000000000000000000000000000000000000000000000000000000000000000000000005032700000000000000000000000000   071221             00000000000000                                                                  000065
1021903727600017200000260206200016896                         00000000100032168038000000000000000000000000060606122126/100032100000000100032168038071221000000028121810401538  000000000000000000000000000000000000000000000000000000000000000000000000000000000000028121800000000000000000000000000   071221             00000000000000                                                                  000066
1021903727600017200000260206200016896                         00000000100032170636000000000000000000000000060606122126/100032100000000100032170636071221000000001744963300001  000000000000000000000000000000000000000000000000000000000000000000000000000000000000001744900000000000000000000000000   071221             00000000000000                                                                  000067
1021903727600017200000260206200016896                         00000000200092378273000000000000000000000000060606122126/200092300000000200092378273071221000000000471663300001  000000000000000000000000000000000000000000000000000000000000000000000000000000000000000471600000000000000000000000000   071221             00000000000000                                                                  000068
1021903727600017200000260206200016896                         00000000200142809289000000000000000000000000060606122126/200142800000000200142809289091221000000000253423702800  000000000000000000000000000000000000000000000000000000000000000000000000000000000000000253400000000000000000000000000   071221             00000000000000                                                                  000069
1021903727600017200000260206200016896                         00000000200245356673000000000000000000000000060606122126/200245300000000200245356673081221000000000330923703262  000000000000000000000000000000000000000000000000000000000000000000000000000000000000000330900000000000000000000000000   071221             00000000000000                                                                  000070
1021903727600017200000260206200016896                         00000000200409387494000000000000000000000000060606122126/200409300000000200409387494081221000000000359100100301  000000000000000000000000000000000000000000000000000000000000000000000000000000000000000359100000000000000000000000000   071221             00000000000000                                                                  000071
1021903727600017200000260206200016896                         00000000200926266907000000000000000000000000060606122126/200926200000000200926266907091221000000001250010404374  000000000000000000000000000000000000000000000000000000000000000000000000000000000000001250000000000000000000000000000   071221             00000000000000                                                                  000072
1021903727600017200000260206200016896                         00000000400190880075000000000000000000000000060606122126/400190800000000400190880075091221000000000950075600259  000000000000000000000000000000000000000000000000000000000000000000000000000000000000000950000000000000000000000000000   071221             00000000000000                                                                  000073
1021903727600017200000260206200016896                         00000000400252998566000000000000000000000000060606122126/400252900000000400252998566091221000000000800065500001  000000000000000000000000000000000000000000000000000000000000000000000000000000000000000800000000000000000000000000000   071221             00000000000000                                                                  000074
1021903727600017200000260206200016896                         00000000400289873143000000000000000000000000060606122126/400289800000000400289873143091221000000006000007700001  000000000000000000000000000000000000000000000000000000000000000000000000000000000000006000000000000000000000000000000   071221             00000000000000                                                                  000075
1021903727600017200000260206200016896                         00000000400325128468000000000000000000000000060606122126/400325100000000400325128468091221000000006500000101112  000000000000000000000000000000000000000000000000000000000000000000000000000000000000006500000000000000000000000000000   071221             00000000000000                                                                  000076
1021903727600017200000260206200016896                         00000000400342894840000000000000000000000000060606122126/400342800000000400342894840071221000000002500010404354  000000000000000000000000000000000000000000000000000000000000000000000000000000000000002500000000000000000000000000000   071221             00000000000000                                                                  000077
1021903727600017200000260206200016896                         00000000400357425928000000000000000000000000060606122126/400357400000000400357425928091221000000003000010403711  000000000000000000000000000000000000000000000000000000000000000000000000000000000000003000000000000000000000000000000   071221             00000000000000                                                                  000078
1021903727600017200000260206200016896                         00000000400388623094000000000000000000000000060606122126/400388600000000400388623094091221000000099000063300001  000000000000000000000000000000000000000000000000000000000000000000000000000000000000099000000000000000000000000000000   071221             00000000000000                                                                  000079
1021903727600017200000260206200016896                         00000000400393476229000000000000000000000000060606122126/400393400000000400393476229091221000000000800034102525  000000000000000000000000000000000000000000000000000000000000000000000000000000000000000800000000000000000000000000000   071221             00000000000000                                                                  000080
1021903727600017200000260206200016896                         00000000400413226968000000000000000000000000060606122126/400413200000000400413226968091221000000001000010400069  000000000000000000000000000000000000000000000000000000000000000000000000000000000000001000000000000000000000000000000   071221             00000000000000                                                                  000081
1021903727600017200000260206200016896                         00000000400420557694000000000000000000000000060606122126/400420500000000400420557694091221000000001500000102020  000000000000000000000000000000000000000000000000000000000000000000000000000000000000001500000000000000000000000000000   071221             00000000000000                                                                  000082
1021903727600017200000260206200016896                         00000000400460703995000000000000000000000000060606122126/400460700000000400460703995091221000000000800065500001  000000000000000000000000000000000000000000000000000000000000000000000000000000000000000800000000000000000000000000000   071221             00000000000000                                                                  000083
1021903727600017200000260206200016896                         00000000400461296897000000000000000000000000060606122126/400461200000000400461296897091221000000000800010401559  000000000000000000000000000000000000000000000000000000000000000000000000000000000000000800000000000000000000000000000   071221             00000000000000                                                                  000084
1021903727600017200000260206200016896                         00000000400473727400000000000000000000000000060606122126/400473700000000400473727400091221000000000800065500001  000000000000000000000000000000000000000000000000000000000000000000000000000000000000000800000000000000000000000000000   071221             00000000000000                                                                  000085
1021903727600017200000260206200016896                         00000000400475901610000000000000000000000000060606122126/400475900000000400475901610091221000000000800065500001  000000000000000000000000000000000000000000000000000000000000000000000000000000000000000800000000000000000000000000000   071221             00000000000000                                                                  000086
1021903727600017200000260206200016896                         00000000400492494530000000000000000000000000060606122126/400492400000000400492494530091221000000004590063300001  000000000000000000000000000000000000000000000000000000000000000000000000000000000000004590000000000000000000000000000   071221             00000000000000                                                                  000087
1021903727600017200000260206200016896                         00000000400531266303000000000000000000000000060606122126/400531200000000400531266303091221000000000800063300001  000000000000000000000000000000000000000000000000000000000000000000000000000000000000000800000000000000000000000000000   071221             00000000000000                                                                  000088
1021903727600017200000260206200016896                         0000000040053226083P000000000000000000000000060606122126/40053220000000040053226083P091221000000063840034108490  000000000000000000000000000000000000000000000000000000000000000000000000000000000000063840000000000000000000000000000   071221             00000000000000                                                                  000089
1021903727600017200000260206200016896                         00000000400535326181000000000000000000000000060606122126/400535300000000400535326181091221000000012000010400721  000000000000000000000000000000000000000000000000000000000000000000000000000000000000012000000000000000000000000000000   071221             00000000000000                                                                  000090
1021903727600017200000260206200016896                         00000000400541213631000000000000000000000000060606122126/400541200000000400541213631091221000000002000010400985  000000000000000000000000000000000000000000000000000000000000000000000000000000000000002000000000000000000000000000000   071221             00000000000000                                                                  000091
1021903727600017200000260206200016896                         00000000400602871173000000000000000000000000060606122126/400602800000000400602871173091221000000005000063300001  000000000000000000000000000000000000000000000000000000000000000000000000000000000000005000000000000000000000000000000   071221             00000000000000                                                                  000092
1021903727600017200000260206200016896                         00000000400634666075000000000000000000000000060606122126/400634600000000400634666075091221000000001000023701078  000000000000000000000000000000000000000000000000000000000000000000000000000000000000001000000000000000000000000000000   071221             00000000000000                                                                  000093
1021903727600017200000260206200016896                         00000000400640559205000000000000000000000000060606122126/400640500000000400640559205091221000000000980075600259  000000000000000000000000000000000000000000000000000000000000000000000000000000000000000980000000000000000000000000000   071221             00000000000000                                                                  000094
1021903727600017200000260206200016896                         00000000400656884343000000000000000000000000060606122126/400656800000000400656884343091221000000018000023703929  000000000000000000000000000000000000000000000000000000000000000000000000000000000000018000000000000000000000000000000   071221             00000000000000                                                                  000095
1021903727600017200000260206200016896                         00000000400671750639000000000000000000000000060606122126/400671700000000400671750639091221000000000800065500001  000000000000000000000000000000000000000000000000000000000000000000000000000000000000000800000000000000000000000000000   071221             00000000000000                                                                  000096
1021903727600017200000260206200016896                         00000000400683756497000000000000000000000000060606122126/400683700000000400683756497081221000000000800063300001  000000000000000000000000000000000000000000000000000000000000000000000000000000000000000800000000000000000000000000000   071221             00000000000000                                                                  000097
1021903727600017200000260206200016896                         00000000400712431497000000000000000000000000060606122126/400712400000000400712431497091221000000004000023705889  000000000000000000000000000000000000000000000000000000000000000000000000000000000000004000000000000000000000000000000   071221             00000000000000                                                                  000098
1021903727600017200000260206200016896                         00000000400749126627000000000000000000000000060606122126/400749100000000400749126627091221000000010000010402778  000000000000000000000000000000000000000000000000000000000000000000000000000000000000010000000000000000000000000000000   071221             00000000000000                                                                  000099
1021903727600017200000260206200016896                         0000000040075878288P000000000000000000000000060606122126/40075870000000040075878288P091221000000000800010403189  000000000000000000000000000000000000000000000000000000000000000000000000000000000000000800000000000000000000000000000   071221             00000000000000                                                                  000100
1021903727600017200000260206200016896                         00000000400780741712000000000000000000000000060606122126/400780700000000400780741712091221000000031570065500001  000000000000000000000000000000000000000000000000000000000000000000000000000000000000031570000000000000000000000000000   071221             00000000000000                                                                  000101
1021903727600017200000260206200016896                         00000000400801734231000000000000000000000000060606122126/400801700000000400801734231071221000000010000026000001  000000000000000000000000000000000000000000000000000000000000000000000000000000000000010000000000000000000000000000000   071221             00000000000000                                                                  000102
1021903727600017200000260206200016896                         00000000400819396376000000000000000000000000060606122126/400819300000000400819396376091221000000009240007000268  000000000000000000000000000000000000000000000000000000000000000000000000000000000000009240000000000000000000000000000   071221             00000000000000                                                                  000103
1021903727600017200000260206200016896                         00000000400861868997000000000000000000000000060606122126/400861800000000400861868997091221000000001150004100377  000000000000000000000000000000000000000000000000000000000000000000000000000000000000001150000000000000000000000000000   071221             00000000000000                                                                  000104
1021903727600017200000260206200016896                         00000000400863386396000000000000000000000000060606122126/400863300000000400863386396071221000000002500021200001  000000000000000000000000000000000000000000000000000000000000000000000000000000000000002500000000000000000000000000000   071221             00000000000000                                                                  000105
1021903727600017200000260206200016896                         00000000400870130135000000000000000000000000060606122126/400870100000000400870130135091221000000001500010403249  000000000000000000000000000000000000000000000000000000000000000000000000000000000000001500000000000000000000000000000   071221             00000000000000                                                                  000106
1021903727600017200000260206200016896                         00000000400931117560000000000000000000000000060606122126/400931100000000400931117560091221000000000800065500001  000000000000000000000000000000000000000000000000000000000000000000000000000000000000000800000000000000000000000000000   071221             00000000000000                                                                  000107
1021903727600017200000260206200016896                         00000000400962040612000000000000000000000000060606122126/400962000000000400962040612091221000000007000075604327  000000000000000000000000000000000000000000000000000000000000000000000000000000000000007000000000000000000000000000000   071221             00000000000000                                                                  000108
1021903727600017200000260206200016896                         00000000400975755815000000000000000000000000060606122126/400975700000000400975755815061221000000003000008100001  000000000000000000000000000000000000000000000000000000000000000000000000000000000000003000000000000000000000000000000   071221             00000000000000                                                                  000109
1021903727600017200000260206200016896                         00000000400977633636000000000000000000000000060606122126/400977600000000400977633636071221000000001030065500001  000000000000000000000000000000000000000000000000000000000000000000000000000000000000001030000000000000000000000000000   071221             00000000000000                                                                  000110
1021903727600017200000260206200016896                         0000000040098613118P000000000000000000000000060606122126/40098610000000040098613118P091221000000001000063300001  000000000000000000000000000000000000000000000000000000000000000000000000000000000000001000000000000000000000000000000   071221             00000000000000                                                                  000111
1021903727600017200000260206200016896                         00000000400988018305000000000000000000000000060606122126/400988000000000400988018305061221000000150000000103478  000000000000000000000000000000000000000000000000000000000000000000000000000000000000150000000000000000000000000000000   071221             00000000000000                                                                  000112
1021903727600017200000260206200016896                         00000000200064258084000000000000000000000000061006122126/200064200000000200064258084051021000000000197223700000  000000000000000000000000000000000000000000000000000000000000000000000000000000000000000000000000000000000000000000000                          1600000000                                                                  000113
1021903727600017200000260206200016896                         0000000020040039417P000000000000000000000000061006122126/20040030000000020040039417P051021000000000698823700000  000000000000000000000000000000000000000000000000000000000000000000000000000000000000000000000000000000000000000000000                          1600000000                                                                  000114
1021903727600017200000260206200016896                         0000000020045351391P000000000000000000000000061006122126/20045350000000020045351391P061021000000001040023700000  000000000000000000000000000000000000000000000000000000000000000000000000000000000000000000000000000000000000000000000                          1600000000                                                                  000115
1021903727600017200000260206200016896                         00000000200873442627000000000000000000000000061006122126/200873400000000200873442627051021000000000181223700000  000000000000000000000000000000000000000000000000000000000000000000000000000000000000000000000000000000000000000000000                          1600000000                                                                  000116
1021903727600017200000260206200016896                         00000000400241530287000000000000000000000000061006122126/400241500000000400241530287041021000000000800023700000  000000000000000000000000000000000000000000000000000000000000000000000000000000000000000000000000000000000000000000000                          1600000000                                                                  000117
1021903727600017200000260206200016896                         00000000400309938506000000000000000000000000061006122126/400309900000000400309938506041021000000001000023700000  000000000000000000000000000000000000000000000000000000000000000000000000000000000000000000000000000000000000000000000                          1600000000                                                                  000118
1021903727600017200000260206200016896                         00000000400510452271000000000000000000000000061006122126/400510400000000400510452271041021000000008740023700000  000000000000000000000000000000000000000000000000000000000000000000000000000000000000000000000000000000000000000000000                          1600000000                                                                  000119
1021903727600017200000260206200016896                         00000000400764794202000000000000000000000000061006122126/400764700000000400764794202061021000000001500023700000  000000000000000000000000000000000000000000000000000000000000000000000000000000000000000000000000000000000000000000000                          1600000000                                                                  000120
1021903727600017200000260206200016896                         00000000400966181490000000000000000000000000061006122126/400966100000000400966181490061021000000001500023700000  000000000000000000000000000000000000000000000000000000000000000000000000000000000000000000000000000000000000000000000                          1600000000                                                                  000121
9201237          000003480000000904462300000822          00061000005442615000005093539000500000050935390000900000015657200000000000000000000000000000000000000000000000000000000000000000000                                                                                                                                                                              00000000000000000000000         000122
