02RETORNO01COBRANCA       00000000000005034448E-PREPAG ADMINISTRADORA DE CAR237BRADESCO       0610210160000000782                                                                                                                                                                                                                                                                          071021         000001
1021903727600017200000260206200016896                         00000000200289899771000000000000000000000000060206102126/200289800000000200289899771091021000000000319923704400  000000000000000000000000000000000000000000000000000000000000000000000000000000000000000000000000000000000000000000000                          0000000000                                                                  000002
1021903727600017200000260206200016896                         0000000020043616491P000000000000000000000000060206102126/20043610000000020043616491P091021000000001642623704159  000000000008200000000000000000000000000000000000000000000000000000000000000000000000000000000000000000000000000000000                          0000000000                                                                  000003
1021903727600017200000260206200016896                         00000000200449215424000000000000000000000000060206102126/200449200000000200449215424091021000000000321123704143  000000000008200000000000000000000000000000000000000000000000000000000000000000000000000000000000000000000000000000000                          0000000000                                                                  000004
1021903727600017200000260206200016896                         00000000200731066717000000000000000000000000060206102126/200731000000000200731066717091021000000000712023704151  000000000008200000000000000000000000000000000000000000000000000000000000000000000000000000000000000000000000000000000                          0000000000                                                                  000005
1021903727600017200000260206200016896                         00000000200795470015000000000000000000000000060206102126/200795400000000200795470015091021000000001094923700321  000000000008200000000000000000000000000000000000000000000000000000000000000000000000000000000000000000000000000000000                          0000000000                                                                  000006
1021903727600017200000260206200016896                         00000000200803246472000000000000000000000000060206102126/200803200000000200803246472091021000000000987123704152  000000000000000000000000000000000000000000000000000000000000000000000000000000000000000000000000000000000000000000000                          0000000000                                                                  000007
1021903727600017200000260206200016896                         00000000400138495538000000000000000000000000060206102126/400138400000000400138495538091021000000001530023703109  000000000008200000000000000000000000000000000000000000000000000000000000000000000000000000000000000000000000000000000                          0000000000                                                                  000008
1021903727600017200000260206200016896                         00000000400344690347000000000000000000000000060206102126/400344600000000400344690347091021000000002800023704143  000000000008200000000000000000000000000000000000000000000000000000000000000000000000000000000000000000000000000000000                          0000000000                                                                  000009
1021903727600017200000260206200016896                         00000000400425276677000000000000000000000000060206102126/400425200000000400425276677091021000000012000023704152  000000000008200000000000000000000000000000000000000000000000000000000000000000000000000000000000000000000000000000000                          0000000000                                                                  000010
1021903727600017200000260206200016896                         00000000400465354832000000000000000000000000060206102126/400465300000000400465354832091021000000001500023704424  000000000008200000000000000000000000000000000000000000000000000000000000000000000000000000000000000000000000000000000                          0000000000                                                                  000011
1021903727600017200000260206200016896                         00000000400502475181000000000000000000000000060206102126/400502400000000400502475181091021000000001200023700389  000000000008200000000000000000000000000000000000000000000000000000000000000000000000000000000000000000000000000000000                          0000000000                                                                  000012
1021903727600017200000260206200016896                         00000000400543079967000000000000000000000000060206102126/400543000000000400543079967091021000000000830023704151  000000000008200000000000000000000000000000000000000000000000000000000000000000000000000000000000000000000000000000000                          0000000000                                                                  000013
1021903727600017200000260206200016896                         00000000400570446556000000000000000000000000060206102126/400570400000000400570446556091021000000150000023704428  000000000008200000000000000000000000000000000000000000000000000000000000000000000000000000000000000000000000000000000                          7600000000                                                                  000014
1021903727600017200000260206200016896                         00000000400589430456000000000000000000000000060206102126/400589400000000400589430456091021000000007520023704154  000000000008200000000000000000000000000000000000000000000000000000000000000000000000000000000000000000000000000000000                          0000000000                                                                  000015
1021903727600017200000260206200016896                         00000000400610249090000000000000000000000000060206102126/400610200000000400610249090091021000000000820023704151  000000000008200000000000000000000000000000000000000000000000000000000000000000000000000000000000000000000000000000000                          0000000000                                                                  000016
1021903727600017200000260206200016896                         00000000400639112485000000000000000000000000060206102126/400639100000000400639112485091021000000000810023704151  000000000008200000000000000000000000000000000000000000000000000000000000000000000000000000000000000000000000000000000                          0000000000                                                                  000017
1021903727600017200000260206200016896                         00000000400646394798000000000000000000000000060206102126/400646300000000400646394798091021000000002000023704152  000000000008200000000000000000000000000000000000000000000000000000000000000000000000000000000000000000000000000000000                          0000000000                                                                  000018
1021903727600017200000260206200016896                         00000000400647185483000000000000000000000000060206102126/400647100000000400647185483091021000000000800023700435  000000000008200000000000000000000000000000000000000000000000000000000000000000000000000000000000000000000000000000000                          0000000000                                                                  000019
1021903727600017200000260206200016896                         00000000400706522340000000000000000000000000060206102126/400706500000000400706522340091021000000000820023704151  000000000008200000000000000000000000000000000000000000000000000000000000000000000000000000000000000000000000000000000                          0000000000                                                                  000020
1021903727600017200000260206200016896                         00000000400735165158000000000000000000000000060206102126/400735100000000400735165158091021000000003440023704159  000000000008200000000000000000000000000000000000000000000000000000000000000000000000000000000000000000000000000000000                          0000000000                                                                  000021
1021903727600017200000260206200016896                         00000000400738275256000000000000000000000000060206102126/400738200000000400738275256091021000000000800023704151  000000000008200000000000000000000000000000000000000000000000000000000000000000000000000000000000000000000000000000000                          0000000000                                                                  000022
1021903727600017200000260206200016896                         0000000040080027220P000000000000000000000000060206102126/40080020000000040080027220P091021000000011970023704151  000000000008200000000000000000000000000000000000000000000000000000000000000000000000000000000000000000000000000000000                          0000000000                                                                  000023
1021903727600017200000260206200016896                         00000000400813762400000000000000000000000000060206102126/400813700000000400813762400091021000000004000023704144  000000000008200000000000000000000000000000000000000000000000000000000000000000000000000000000000000000000000000000000                          0000000000                                                                  000024
1021903727600017200000260206200016896                         00000000400955530280000000000000000000000000060206102126/400955500000000400955530280091021000000001340023704158  000000000008200000000000000000000000000000000000000000000000000000000000000000000000000000000000000000000000000000000                          0000000000                                                                  000025
1021903727600017200000260206200016896                         00000000400958682499000000000000000000000000060206102126/400958600000000400958682499091021000000000800023704422  000000000008200000000000000000000000000000000000000000000000000000000000000000000000000000000000000000000000000000000                          0000000000                                                                  000026
1021903727600017200000260206200016896                         00000000600169809297000000000000000000000000060206102126/600169800000000600169809297091021000000000580023702062  000000000008200000000000000000000000000000000000000000000000000000000000000000000000000000000000000000000000000000000                          7600000000                                                                  000027
1021903727600017200000260206200016896                         00000000200731066717000000000000000000000000060606102126/200731000000000200731066717091021000000000712006900001  000000000000000000000000000000000000000000000000000000000000000000000000000000000000000712000000000000000000000000000   071021             00000000000000                                                                  000028
1021903727600017200000260206200016896                         00000000200795470015000000000000000000000000060606102126/200795400000000200795470015091021000000001094910403880  000000000000000000000000000000000000000000000000000000000000000000000000000000000000001094900000000000000000000000000   071021             00000000000000                                                                  000029
1021903727600017200000260206200016896                         00000000400344690347000000000000000000000000060606102126/400344600000000400344690347091021000000002800023702835  000000000000000000000000000000000000000000000000000000000000000000000000000000000000002800000000000000000000000000000   071021             00000000000000                                                                  000030
1021903727600017200000260206200016896                         00000000400379069068000000000000000000000000060606102126/400379000000000400379069068071021000000006150010400422  000000000000000000000000000000000000000000000000000000000000000000000000000000000000006150000000000000000000000000000   071021             00000000000000                                                                  000031
1021903727600017200000260206200016896                         00000000400425276677000000000000000000000000060606102126/400425200000000400425276677091021000000012000000101441  000000000000000000000000000000000000000000000000000000000000000000000000000000000000012000000000000000000000000000000   071021             00000000000000                                                                  000032
1021903727600017200000260206200016896                         00000000400465354832000000000000000000000000060606102126/400465300000000400465354832091021000000001500010403880  000000000000000000000000000000000000000000000000000000000000000000000000000000000000001500000000000000000000000000000   071021             00000000000000                                                                  000033
1021903727600017200000260206200016896                         00000000400492551674000000000000000000000000060606102126/400492500000000400492551674081021000000000800075604327  000000000000000000000000000000000000000000000000000000000000000000000000000000000000000800000000000000000000000000000   071021             00000000000000                                                                  000034
1021903727600017200000260206200016896                         00000000400502475181000000000000000000000000060606102126/400502400000000400502475181091021000000001200010401557  000000000000000000000000000000000000000000000000000000000000000000000000000000000000001200000000000000000000000000000   071021             00000000000000                                                                  000035
1021903727600017200000260206200016896                         00000000400543079967000000000000000000000000060606102126/400543000000000400543079967091021000000000830075604327  000000000000000000000000000000000000000000000000000000000000000000000000000000000000000830000000000000000000000000000   071021             00000000000000                                                                  000036
1021903727600017200000260206200016896                         00000000400570446556000000000000000000000000060606102126/400570400000000400570446556091021000000150000000103478  000000000000000000000000000000000000000000000000000000000000000000000000000000000000150000000000000000000000000000000   071021             00000000000000                                                                  000037
1021903727600017200000260206200016896                         00000000400639112485000000000000000000000000060606102126/400639100000000400639112485091021000000000810075604327  000000000000000000000000000000000000000000000000000000000000000000000000000000000000000810000000000000000000000000000   071021             00000000000000                                                                  000038
1021903727600017200000260206200016896                         00000000400646394798000000000000000000000000060606102126/400646300000000400646394798091021000000002000023700536  000000000000000000000000000000000000000000000000000000000000000000000000000000000000002000000000000000000000000000000   071021             00000000000000                                                                  000039
1021903727600017200000260206200016896                         00000000400647185483000000000000000000000000060606102126/400647100000000400647185483091021000000000800010402221  000000000000000000000000000000000000000000000000000000000000000000000000000000000000000800000000000000000000000000000   071021             00000000000000                                                                  000040
1021903727600017200000260206200016896                         00000000400706522340000000000000000000000000060606102126/400706500000000400706522340091021000000000820075604327  000000000000000000000000000000000000000000000000000000000000000000000000000000000000000820000000000000000000000000000   071021             00000000000000                                                                  000041
1021903727600017200000260206200016896                         00000000400735165158000000000000000000000000060606102126/400735100000000400735165158091021000000003440075604327  000000000000000000000000000000000000000000000000000000000000000000000000000000000000003440000000000000000000000000000   071021             00000000000000                                                                  000042
1021903727600017200000260206200016896                         00000000400738275256000000000000000000000000060606102126/400738200000000400738275256091021000000000800075604327  000000000000000000000000000000000000000000000000000000000000000000000000000000000000000800000000000000000000000000000   071021             00000000000000                                                                  000043
1021903727600017200000260206200016896                         0000000040080027220P000000000000000000000000060606102126/40080020000000040080027220P091021000000011970063300001  000000000000000000000000000000000000000000000000000000000000000000000000000000000000011970000000000000000000000000000   071021             00000000000000                                                                  000044
1021903727600017200000260206200016896                         00000000400813762400000000000000000000000000060606102126/400813700000000400813762400091021000000004000010400397  000000000000000000000000000000000000000000000000000000000000000000000000000000000000004000000000000000000000000000000   071021             00000000000000                                                                  000045
1021903727600017200000260206200016896                         00000000400842834763000000000000000000000000060605102126/400842800000000400842834763081021000000200000026000001  000000000000000000000000000000000000000000000000000000000000000000000000000000000000200000000000000000000000000000000   071021             00000000000000                                                                  000046
1021903727600017200000260206200016896                         00000000400955530280000000000000000000000000060606102126/400955500000000400955530280091021000000001340000102020  000000000000000000000000000000000000000000000000000000000000000000000000000000000000001340000000000000000000000000000   071021             00000000000000                                                                  000047
1021903727600017200000260206200016896                         00000000400958682499000000000000000000000000060606102126/400958600000000400958682499091021000000000800000103192  000000000000000000000000000000000000000000000000000000000000000000000000000000000000000800000000000000000000000000000   071021             00000000000000                                                                  000048
1021903727600017200000260206200016896                         00000000400973324221000000000000000000000000060606102126/400973300000000400973324221081021000000001530010403880  000000000000000000000000000000000000000000000000000000000000000000000000000000000000001530000000000000000000000000000   071021             00000000000000                                                                  000049
1021903727600017200000260206200016896                         00000000600169809297000000000000000000000000060606102126/600169800000000600169809297091021000000000580065500001  000000000000000000000000000000000000000000000000000000000000000000000000000000000000000580000000000000000000000000000   071021             00000000000000                                                                  000050
1021903727600017200000260206200016896                         00000000200509724110000000000000000000000000061006102126/200509700000000200509724110060821000000000190623700000  000000000000000000000000000000000000000000000000000000000000000000000000000000000000000000000000000000000000000000000                          1600000000                                                                  000051
1021903727600017200000260206200016896                         00000000200720274202000000000000000000000000061006102126/200720200000000200720274202060821000000000304523700000  000000000000000000000000000000000000000000000000000000000000000000000000000000000000000000000000000000000000000000000                          1600000000                                                                  000052
1021903727600017200000260206200016896                         00000000200782355756000000000000000000000000061006102126/200782300000000200782355756060821000000002896823700000  000000000000000000000000000000000000000000000000000000000000000000000000000000000000000000000000000000000000000000000                          1600000000                                                                  000053
1021903727600017200000260206200016896                         00000000200969015614000000000000000000000000061006102126/200969000000000200969015614060821000000000304523700000  000000000000000000000000000000000000000000000000000000000000000000000000000000000000000000000000000000000000000000000                          1600000000                                                                  000054
1021903727600017200000260206200016896                         00000000400104873630000000000000000000000000061006102126/400104800000000400104873630060821000000000800023700000  000000000000000000000000000000000000000000000000000000000000000000000000000000000000000000000000000000000000000000000                          1600000000                                                                  000055
1021903727600017200000260206200016896                         00000000400165198707000000000000000000000000061006102126/400165100000000400165198707060821000000000800023700000  000000000000000000000000000000000000000000000000000000000000000000000000000000000000000000000000000000000000000000000                          1600000000                                                                  000056
1021903727600017200000260206200016896                         00000000400174825315000000000000000000000000061006102126/400174800000000400174825315060821000000000800023700000  000000000000000000000000000000000000000000000000000000000000000000000000000000000000000000000000000000000000000000000                          1600000000                                                                  000057
1021903727600017200000260206200016896                         00000000400202099153000000000000000000000000061006102126/400202000000000400202099153060821000000000800023700000  000000000000000000000000000000000000000000000000000000000000000000000000000000000000000000000000000000000000000000000                          1600000000                                                                  000058
1021903727600017200000260206200016896                         00000000400332182451000000000000000000000000061006102126/400332100000000400332182451060821000000000800023700000  000000000000000000000000000000000000000000000000000000000000000000000000000000000000000000000000000000000000000000000                          1600000000                                                                  000059
1021903727600017200000260206200016896                         00000000400380271784000000000000000000000000061006102126/400380200000000400380271784060821000000000800023700000  000000000000000000000000000000000000000000000000000000000000000000000000000000000000000000000000000000000000000000000                          1600000000                                                                  000060
1021903727600017200000260206200016896                         00000000400633135572000000000000000000000000061006102126/400633100000000400633135572060821000000000800023700000  000000000000000000000000000000000000000000000000000000000000000000000000000000000000000000000000000000000000000000000                          1600000000                                                                  000061
1021903727600017200000260206200016896                         00000000400714982288000000000000000000000000061006102126/400714900000000400714982288060821000000000800023700000  000000000000000000000000000000000000000000000000000000000000000000000000000000000000000000000000000000000000000000000                          1600000000                                                                  000062
1021903727600017200000260206200016896                         00000000400748224056000000000000000000000000061006102126/400748200000000400748224056060821000000002000023700000  000000000000000000000000000000000000000000000000000000000000000000000000000000000000000000000000000000000000000000000                          1600000000                                                                  000063
1021903727600017200000260206200016896                         00000000400808742833000000000000000000000000061006102126/400808700000000400808742833060821000000000800023700000  000000000000000000000000000000000000000000000000000000000000000000000000000000000000000000000000000000000000000000000                          1600000000                                                                  000064
9201237          000006530000001792030800000782          00026000002106376000004059769000230000040597690001400000012896400000000000000000000000000000000000000000000000000000000000000000000                                                                                                                                                                              00000000000000000000000         000065
