02RETORNO01COBRANCA       00000000000005034448E-PREPAG ADMINISTRADORA DE CAR237BRADESCO       0601230160000001095                                                                                                                                                                                                                                                                          090123         000001
1021903727600017200000260206200016896                         00000000200674232508000000000000000000000000060206012326/200674200000000200674232508090123000000000189923704428  000000000008200000000000000000000000000000000000000000000000000000000000000000000000000000000000000000000000000000000                          0000000000                                                                  000002
1021903727600017200000260206200016896                         00000000200708218984000000000000000000000000060206012326/200708200000000200708218984090123000000002409223704602  000000000008200000000000000000000000000000000000000000000000000000000000000000000000000000000000000000000000000000000                          0000000000                                                                  000003
1021903727600017200000260206200016896                         00000000200834004035000000000000000000000000060206012326/200834000000000200834004035090123000000000196623700073  000000000008200000000000000000000000000000000000000000000000000000000000000000000000000000000000000000000000000000000                          0000000000                                                                  000004
1021903727600017200000260206200016896                         00000000200982940955000000000000000000000000060206012326/200982900000000200982940955090123000000000427523704428  000000000000000000000000000000000000000000000000000000000000000000000000000000000000000000000000000000000000000000000                          0000000000                                                                  000005
1021903727600017200000260206200016896                         00000000400711703388000000000000000000000000060206012326/400711700000000400711703388090123000000004600023704159  000000000008200000000000000000000000000000000000000000000000000000000000000000000000000000000000000000000000000000000                          0000000000                                                                  000006
1021903727600017200000260206200016896                         00000000400738557626000000000000000000000000060206012326/400738500000000400738557626090123000000099000023704151  000000000008200000000000000000000000000000000000000000000000000000000000000000000000000000000000000000000000000000000                          7600000000                                                                  000007
1021903727600017200000260206200016896                         00000000400799038605000000000000000000000000060206012326/400799000000000400799038605090123000000002000023704602  000000000008200000000000000000000000000000000000000000000000000000000000000000000000000000000000000000000000000000000                          0000000000                                                                  000008
1021903727600017200000260206200016896                         00000000400959857837000000000000000000000000060206012326/400959800000000400959857837090123000000001000023704152  000000000008200000000000000000000000000000000000000000000000000000000000000000000000000000000000000000000000000000000                          0000000000                                                                  000009
1021903727600017200000260206200016896                         00000000200674232508000000000000000000000000060606012326/200674200000000200674232508090123000000000189926000001  000000000000000000000000000000000000000000000000000000000000000000000000000000000000000189900000000000000000000000000   090123             00000000000000                                                                  000010
1021903727600017200000260206200016896                         00000000200834004035000000000000000000000000060606012326/200834000000000200834004035090123000000000196610404741  000000000000000000000000000000000000000000000000000000000000000000000000000000000000000196600000000000000000000000000   090123             00000000000000                                                                  000011
1021903727600017200000260206200016896                         00000000400089373677000000000000000000000000060606012326/400089300000000400089373677080123000000000800010403536  000000000000000000000000000000000000000000000000000000000000000000000000000000000000000800000000000000000000000000000   090123             00000000000000                                                                  000012
1021903727600017200000260206200016896                         00000000400738557626000000000000000000000000060606012326/400738500000000400738557626090123000000099000063300001  000000000000000000000000000000000000000000000000000000000000000000000000000000000000099000000000000000000000000000000   090123             00000000000000                                                                  000013
1021903727600017200000260206200016896                         00000000400959857837000000000000000000000000060606012326/400959800000000400959857837090123000000001000023700536  000000000000000000000000000000000000000000000000000000000000000000000000000000000000001000000000000000000000000000000   090123             00000000000000                                                                  000014
1021903727600017200000260206200016896                         0000000020022886794P000000000000000000000000061006012326/20022880000000020022886794P061122000000000216723700000  000000000000000000000000000000000000000000000000000000000000000000000000000000000000000000000000000000000000000000000                          1600000000                                                                  000015
1021903727600017200000260206200016896                         00000000200450862174000000000000000000000000061006012326/200450800000000200450862174061122000000000050823700000  000000000000000000000000000000000000000000000000000000000000000000000000000000000000000000000000000000000000000000000                          1600000000                                                                  000016
1021903727600017200000260206200016896                         00000000200657557827000000000000000000000000061006012326/200657500000000200657557827061122000000000205123700000  000000000000000000000000000000000000000000000000000000000000000000000000000000000000000000000000000000000000000000000                          1600000000                                                                  000017
1021903727600017200000260206200016896                         00000000400602755831000000000000000000000000061006012326/400602700000000400602755831061122000000005000023700000  000000000000000000000000000000000000000000000000000000000000000000000000000000000000000000000000000000000000000000000                          1600000000                                                                  000018
9201237          000001280000000888207400001095          00008000001098232000001011865000050000010118650000400000005472600000000000000000000000000000000000000000000000000000000000000000000                                                                                                                                                                              00000000000000000000000         000019
