02RETORNO01COBRANCA       00000000000005034448E-PREPAG ADMINISTRADORA DE CAR237BRADESCO       0604230160000001157                                                                                                                                                                                                                                                                          100423         000001
1021903727600017200000260206200016896                         00000000200201128584000000000000000000000000060206042326/200201100000000200201128584090423000000000504523704151  000000000008200000000000000000000000000000000000000000000000000000000000000000000000000000000000000000000000000000000                          0000000000                                                                  000002
1021903727600017200000260206200016896                         00000000200239386382000000000000000000000000060206042326/200239300000000200239386382090423000000001287423704424  000000000008200000000000000000000000000000000000000000000000000000000000000000000000000000000000000000000000000000000                          0000000000                                                                  000003
1021903727600017200000260206200016896                         00000000200334874114000000000000000000000000060206042326/200334800000000200334874114090423000000000189923704452  000000000008200000000000000000000000000000000000000000000000000000000000000000000000000000000000000000000000000000000                          0000000000                                                                  000004
1021903727600017200000260206200016896                         00000000200388627228000000000000000000000000060206042326/200388600000000200388627228090423000000000409923703162  000000000008200000000000000000000000000000000000000000000000000000000000000000000000000000000000000000000000000000000                          0000000000                                                                  000005
1021903727600017200000260206200016896                         00000000200515256072000000000000000000000000060206042326/200515200000000200515256072090423000000000909123704400  000000000008200000000000000000000000000000000000000000000000000000000000000000000000000000000000000000000000000000000                          0000000000                                                                  000006
1021903727600017200000260206200016896                         00000000200704452028000000000000000000000000060206042326/200704400000000200704452028090423000000001075823704424  000000000008200000000000000000000000000000000000000000000000000000000000000000000000000000000000000000000000000000000                          0000000000                                                                  000007
1021903727600017200000260206200016896                         00000000200956660529000000000000000000000000060206042326/200956600000000200956660529090423000000001009623704400  000000000008200000000000000000000000000000000000000000000000000000000000000000000000000000000000000000000000000000000                          0000000000                                                                  000008
1021903727600017200000260206200016896                         00000000400175343942000000000000000000000000060206042326/400175300000000400175343942090423000000001000023704428  000000000008200000000000000000000000000000000000000000000000000000000000000000000000000000000000000000000000000000000                          0000000000                                                                  000009
1021903727600017200000260206200016896                         00000000400466425520000000000000000000000000060206042326/400466400000000400466425520090423000000003500023704154  000000000008200000000000000000000000000000000000000000000000000000000000000000000000000000000000000000000000000000000                          0000000000                                                                  000010
1021903727600017200000260206200016896                         00000000200334874114000000000000000000000000060606042326/200334800000000200334874114090423000000000189900105110  000000000000000000000000000000000000000000000000000000000000000000000000000000000000000189900000000000000000000000000   100423             00000000000000                                                                  000011
1021903727600017200000260206200016896                         00000000200388627228000000000000000000000000060606042326/200388600000000200388627228090423000000000409900105657  000000000000000000000000000000000000000000000000000000000000000000000000000000000000000409900000000000000000000000000   100423             00000000000000                                                                  000012
1021903727600017200000260206200016896                         00000000200515256072000000000000000000000000060606042326/200515200000000200515256072090423000000000909110400213  000000000000000000000000000000000000000000000000000000000000000000000000000000000000000909100000000000000000000000000   100423             00000000000000                                                                  000013
1021903727600017200000260206200016896                         00000000400175343942000000000000000000000000060606042326/400175300000000400175343942090423000000001000063300001  000000000000000000000000000000000000000000000000000000000000000000000000000000000000001000000000000000000000000000000   100423             00000000000000                                                                  000014
9201237          000000650000000078255800001157          00009000000098862000000025089000040000000250890000000000000000000000000000000000000000000000000000000000000000000000000000000000000                                                                                                                                                                              00000000000000000000000         000015
