02RETORNO01COBRANCA       00000000000005034448E-PREPAG ADMINISTRADORA DE CAR237BRADESCO       0701220160000000845                                                                                                                                                                                                                                                                          100122         000001
1021903727600017200000260206200016896                         00000000200240975715000000000000000000000000060207012226/200240900000000200240975715100122000000000049923704158  000000000008200000000000000000000000000000000000000000000000000000000000000000000000000000000000000000000000000000000                          0000000000                                                                  000002
1021903727600017200000260206200016896                         00000000200289934704000000000000000000000000060207012226/200289900000000200289934704100122000000000207523704602  000000000008200000000000000000000000000000000000000000000000000000000000000000000000000000000000000000000000000000000                          0000000000                                                                  000003
1021903727600017200000260206200016896                         00000000200452298020000000000000000000000000060207012226/200452200000000200452298020100122000000001023223704159  000000000008200000000000000000000000000000000000000000000000000000000000000000000000000000000000000000000000000000000                          0000000000                                                                  000004
1021903727600017200000260206200016896                         00000000200487256517000000000000000000000000060207012226/200487200000000200487256517100122000000000682023704436  000000000008200000000000000000000000000000000000000000000000000000000000000000000000000000000000000000000000000000000                          0000000000                                                                  000005
1021903727600017200000260206200016896                         00000000200608992712000000000000000000000000060207012226/200608900000000200608992712100122000000000169923704151  000000000008200000000000000000000000000000000000000000000000000000000000000000000000000000000000000000000000000000000                          0000000000                                                                  000006
1021903727600017200000260206200016896                         00000000200716165121000000000000000000000000060207012226/200716100000000200716165121100122000000000369923704157  000000000008200000000000000000000000000000000000000000000000000000000000000000000000000000000000000000000000000000000                          0000000000                                                                  000007
1021903727600017200000260206200016896                         00000000200745176035000000000000000000000000060207012226/200745100000000200745176035100122000000000189923704424  000000000008200000000000000000000000000000000000000000000000000000000000000000000000000000000000000000000000000000000                          0000000000                                                                  000008
1021903727600017200000260206200016896                         00000000200863768664000000000000000000000000060207012226/200863700000000200863768664100122000000000207523704151  000000000008200000000000000000000000000000000000000000000000000000000000000000000000000000000000000000000000000000000                          0000000000                                                                  000009
1021903727600017200000260206200016896                         00000000200999332851000000000000000000000000060207012226/200999300000000200999332851100122000000000682023704428  000000000000000000000000000000000000000000000000000000000000000000000000000000000000000000000000000000000000000000000                          7600000000                                                                  000010
1021903727600017200000260206200016896                         00000000400158031937000000000000000000000000060207012226/400158000000000400158031937100122000000012000023700321  000000000008200000000000000000000000000000000000000000000000000000000000000000000000000000000000000000000000000000000                          0000000000                                                                  000011
1021903727600017200000260206200016896                         00000000400189651534000000000000000000000000060207012226/400189600000000400189651534100122000000001320023700140  000000000008200000000000000000000000000000000000000000000000000000000000000000000000000000000000000000000000000000000                          0000000000                                                                  000012
1021903727600017200000260206200016896                         00000000400243295323000000000000000000000000060207012226/400243200000000400243295323100122000000001500023702062  000000000008200000000000000000000000000000000000000000000000000000000000000000000000000000000000000000000000000000000                          0000000000                                                                  000013
1021903727600017200000260206200016896                         00000000400279027473000000000000000000000000060207012226/400279000000000400279027473100122000000002600023700153  000000000008200000000000000000000000000000000000000000000000000000000000000000000000000000000000000000000000000000000                          0000000000                                                                  000014
1021903727600017200000260206200016896                         00000000400319962219000000000000000000000000060207012226/400319900000000400319962219100122000000001600023704158  000000000008200000000000000000000000000000000000000000000000000000000000000000000000000000000000000000000000000000000                          0000000000                                                                  000015
1021903727600017200000260206200016896                         00000000400383629108000000000000000000000000060207012226/400383600000000400383629108100122000000000800023704151  000000000008200000000000000000000000000000000000000000000000000000000000000000000000000000000000000000000000000000000                          0000000000                                                                  000016
1021903727600017200000260206200016896                         0000000040038377342P000000000000000000000000060207012226/40038370000000040038377342P100122000000099000023704151  000000000008200000000000000000000000000000000000000000000000000000000000000000000000000000000000000000000000000000000                          7600000000                                                                  000017
1021903727600017200000260206200016896                         00000000400497441303000000000000000000000000060207012226/400497400000000400497441303100122000000001500023704143  000000000008200000000000000000000000000000000000000000000000000000000000000000000000000000000000000000000000000000000                          7600000000                                                                  000018
1021903727600017200000260206200016896                         00000000400512944708000000000000000000000000060207012226/400512900000000400512944708100122000000009000023704157  000000000008200000000000000000000000000000000000000000000000000000000000000000000000000000000000000000000000000000000                          0000000000                                                                  000019
1021903727600017200000260206200016896                         00000000400546996219000000000000000000000000060207012226/400546900000000400546996219100122000000005000023704159  000000000008200000000000000000000000000000000000000000000000000000000000000000000000000000000000000000000000000000000                          0000000000                                                                  000020
1021903727600017200000260206200016896                         00000000400573734374000000000000000000000000060207012226/400573700000000400573734374100122000000001500023704426  000000000008200000000000000000000000000000000000000000000000000000000000000000000000000000000000000000000000000000000                          0000000000                                                                  000021
1021903727600017200000260206200016896                         00000000400619073599000000000000000000000000060207012226/400619000000000400619073599100122000000004200023704143  000000000008200000000000000000000000000000000000000000000000000000000000000000000000000000000000000000000000000000000                          0000000000                                                                  000022
1021903727600017200000260206200016896                         00000000400676424586000000000000000000000000060207012226/400676400000000400676424586100122000000007500023703109  000000000008200000000000000000000000000000000000000000000000000000000000000000000000000000000000000000000000000000000                          0000000000                                                                  000023
1021903727600017200000260206200016896                         0000000040077044065P000000000000000000000000060207012226/40077040000000040077044065P100122000000005000023700140  000000000008200000000000000000000000000000000000000000000000000000000000000000000000000000000000000000000000000000000                          0000000000                                                                  000024
1021903727600017200000260206200016896                         00000000400849172707000000000000000000000000060207012226/400849100000000400849172707100122000000009500023704157  000000000008200000000000000000000000000000000000000000000000000000000000000000000000000000000000000000000000000000000                          0000000000                                                                  000025
1021903727600017200000260206200016896                         00000000400880859206000000000000000000000000060207012226/400880800000000400880859206100122000000003000023704152  000000000008200000000000000000000000000000000000000000000000000000000000000000000000000000000000000000000000000000000                          0000000000                                                                  000026
1021903727600017200000260206200016896                         00000000400942312926000000000000000000000000060207012226/400942300000000400942312926100122000000009500023704157  000000000008200000000000000000000000000000000000000000000000000000000000000000000000000000000000000000000000000000000                          0000000000                                                                  000027
1021903727600017200000260206200016896                         00000000600562765714000000000000000000000000060207012226/600562700000000600562765714100122000000000379923704602  000000000008200000000000000000000000000000000000000000000000000000000000000000000000000000000000000000000000000000000                          0000000000                                                                  000028
1021903727600017200000260206200016896                         00000000200240975715000000000000000000000000060607012226/200240900000000200240975715100122000000000049908100001  000000000000000000000000000000000000000000000000000000000000000000000000000000000000000049900000000000000000000000000   100122             00000000000000                                                                  000029
1021903727600017200000260206200016896                         00000000200289934704000000000000000000000000060607012226/200289900000000200289934704100122000000000207563300001  000000000000000000000000000000000000000000000000000000000000000000000000000000000000000207500000000000000000000000000   100122             00000000000000                                                                  000030
1021903727600017200000260206200016896                         00000000200716165121000000000000000000000000060607012226/200716100000000200716165121100122000000000369910400601  000000000000000000000000000000000000000000000000000000000000000000000000000000000000000369900000000000000000000000000   100122             00000000000000                                                                  000031
1021903727600017200000260206200016896                         00000000200745176035000000000000000000000000060607012226/200745100000000200745176035100122000000000189938900001  000000000000000000000000000000000000000000000000000000000000000000000000000000000000000189900000000000000000000000000   100122             00000000000000                                                                  000032
1021903727600017200000260206200016896                         00000000200863768664000000000000000000000000060607012226/200863700000000200863768664100122000000000207534102525  000000000000000000000000000000000000000000000000000000000000000000000000000000000000000207500000000000000000000000000   100122             00000000000000                                                                  000033
1021903727600017200000260206200016896                         00000000400158031937000000000000000000000000060607012226/400158000000000400158031937100122000000012000007700001  000000000000000000000000000000000000000000000000000000000000000000000000000000000000012000000000000000000000000000000   100122             00000000000000                                                                  000034
1021903727600017200000260206200016896                         00000000400189651534000000000000000000000000060607012226/400189600000000400189651534100122000000001320007000264  000000000000000000000000000000000000000000000000000000000000000000000000000000000000001320000000000000000000000000000   100122             00000000000000                                                                  000035
1021903727600017200000260206200016896                         00000000400243295323000000000000000000000000060607012226/400243200000000400243295323100122000000001500010402778  000000000000000000000000000000000000000000000000000000000000000000000000000000000000001500000000000000000000000000000   100122             00000000000000                                                                  000036
1021903727600017200000260206200016896                         00000000400279027473000000000000000000000000060607012226/400279000000000400279027473100122000000002600023705889  000000000000000000000000000000000000000000000000000000000000000000000000000000000000002600000000000000000000000000000   100122             00000000000000                                                                  000037
1021903727600017200000260206200016896                         00000000400383629108000000000000000000000000060607012226/400383600000000400383629108100122000000000800010401187  000000000000000000000000000000000000000000000000000000000000000000000000000000000000000800000000000000000000000000000   100122             00000000000000                                                                  000038
1021903727600017200000260206200016896                         0000000040038377342P000000000000000000000000060607012226/40038370000000040038377342P100122000000099000021200001  000000000000000000000000000000000000000000000000000000000000000000000000000000000000099000000000000000000000000000000   100122             00000000000000                                                                  000039
1021903727600017200000260206200016896                         00000000400497441303000000000000000000000000060607012226/400497400000000400497441303100122000000001500023702151  000000000000000000000000000000000000000000000000000000000000000000000000000000000000001500000000000000000000000000000   100122             00000000000000                                                                  000040
1021903727600017200000260206200016896                         00000000400512944708000000000000000000000000060607012226/400512900000000400512944708100122000000009000010400389  000000000000000000000000000000000000000000000000000000000000000000000000000000000000009000000000000000000000000000000   100122             00000000000000                                                                  000041
1021903727600017200000260206200016896                         00000000400573734374000000000000000000000000060607012226/400573700000000400573734374100122000000001500010403711  000000000000000000000000000000000000000000000000000000000000000000000000000000000000001500000000000000000000000000000   100122             00000000000000                                                                  000042
1021903727600017200000260206200016896                         00000000400593858266000000000000000000000000060607012226/400593800000000400593858266090122000000000940065500001  000000000000000000000000000000000000000000000000000000000000000000000000000000000000000940000000000000000000000000000   100122             00000000000000                                                                  000043
1021903727600017200000260206200016896                         00000000400619073599000000000000000000000000060607012226/400619000000000400619073599100122000000004200010400627  000000000000000000000000000000000000000000000000000000000000000000000000000000000000004200000000000000000000000000000   100122             00000000000000                                                                  000044
1021903727600017200000260206200016896                         00000000400676424586000000000000000000000000060607012226/400676400000000400676424586100122000000007500023701514  000000000000000000000000000000000000000000000000000000000000000000000000000000000000007500000000000000000000000000000   100122             00000000000000                                                                  000045
1021903727600017200000260206200016896                         00000000400849172707000000000000000000000000060607012226/400849100000000400849172707100122000000009500010400389  000000000000000000000000000000000000000000000000000000000000000000000000000000000000009500000000000000000000000000000   100122             00000000000000                                                                  000046
1021903727600017200000260206200016896                         00000000400880859206000000000000000000000000060607012226/400880800000000400880859206100122000000003000023700536  000000000000000000000000000000000000000000000000000000000000000000000000000000000000003000000000000000000000000000000   100122             00000000000000                                                                  000047
1021903727600017200000260206200016896                         00000000400942312926000000000000000000000000060607012226/400942300000000400942312926100122000000009500010400389  000000000000000000000000000000000000000000000000000000000000000000000000000000000000009500000000000000000000000000000   100122             00000000000000                                                                  000048
1021903727600017200000260206200016896                         00000000400021120150000000000000000000000000061007012226/400021100000000400021120150071121000000005000023700000  000000000000000000000000000000000000000000000000000000000000000000000000000000000000000000000000000000000000000000000                          1600000000                                                                  000049
1021903727600017200000260206200016896                         00000000400029746083000000000000000000000000061007012226/400029700000000400029746083071121000000002000023700000  000000000000000000000000000000000000000000000000000000000000000000000000000000000000000000000000000000000000000000000                          1600000000                                                                  000050
1021903727600017200000260206200016896                         00000000400529079962000000000000000000000000061007012226/400529000000000400529079962071121000000003500023700000  000000000000000000000000000000000000000000000000000000000000000000000000000000000000000000000000000000000000000000000                          1600000000                                                                  000051
9201237          000003360000001315086700000845          00027000001784817000001648847000200000016488470000300000010500000000000000000000000000000000000000000000000000000000000000000000000                                                                                                                                                                              00000000000000000000000         000052
