02RETORNO01COBRANCA       00000000000005034448E-PREPAG ADMINISTRADORA DE CAR237BRADESCO       0710210160000000783                                                                                                                                                                                                                                                                          081021         000001
1021903727600017200000260206200016896                         00000000200206102575000000000000000000000000060207102126/200206100000000200206102575101021000000000097423704151  000000000008200000000000000000000000000000000000000000000000000000000000000000000000000000000000000000000000000000000                          0000000000                                                                  000002
1021903727600017200000260206200016896                         00000000200753748811000000000000000000000000060207102126/200753700000000200753748811101021000000000216223704422  000000000000000000000000000000000000000000000000000000000000000000000000000000000000000000000000000000000000000000000                          0000000000                                                                  000003
1021903727600017200000260206200016896                         00000000200988999269000000000000000000000000060207102126/200988900000000200988999269101021000000000189923704151  000000000008200000000000000000000000000000000000000000000000000000000000000000000000000000000000000000000000000000000                          0000000000                                                                  000004
1021903727600017200000260206200016896                         00000000400101514427000000000000000000000000060207102126/400101500000000400101514427101021000000010500023704157  000000000008200000000000000000000000000000000000000000000000000000000000000000000000000000000000000000000000000000000                          0000000000                                                                  000005
1021903727600017200000260206200016896                         00000000400137102362000000000000000000000000060207102126/400137100000000400137102362101021000000005000023704154  000000000008200000000000000000000000000000000000000000000000000000000000000000000000000000000000000000000000000000000                          0000000000                                                                  000006
1021903727600017200000260206200016896                         00000000400195373449000000000000000000000000060207102126/400195300000000400195373449101021000000004000023704602  000000000008200000000000000000000000000000000000000000000000000000000000000000000000000000000000000000000000000000000                          0000000000                                                                  000007
1021903727600017200000260206200016896                         00000000400198229284000000000000000000000000060207102126/400198200000000400198229284101021000000002000023703109  000000000000000000000000000000000000000000000000000000000000000000000000000000000000000000000000000000000000000000000                          0000000000                                                                  000008
1021903727600017200000260206200016896                         00000000400215287048000000000000000000000000060207102126/400215200000000400215287048101021000000150000023704428  000000000008200000000000000000000000000000000000000000000000000000000000000000000000000000000000000000000000000000000                          7600000000                                                                  000009
1021903727600017200000260206200016896                         0000000040021844635P000000000000000000000000060207102126/40021840000000040021844635P101021000000150000023704428  000000000008200000000000000000000000000000000000000000000000000000000000000000000000000000000000000000000000000000000                          7600000000                                                                  000010
1021903727600017200000260206200016896                         00000000400289265747000000000000000000000000060207102126/400289200000000400289265747101021000000000800023704159  000000000000000000000000000000000000000000000000000000000000000000000000000000000000000000000000000000000000000000000                          0000000000                                                                  000011
1021903727600017200000260206200016896                         00000000400300405475000000000000000000000000060207102126/400300400000000400300405475101021000000002000023704151  000000000008200000000000000000000000000000000000000000000000000000000000000000000000000000000000000000000000000000000                          0000000000                                                                  000012
1021903727600017200000260206200016896                         0000000040034528587P000000000000000000000000060207102126/40034520000000040034528587P101021000000007000023704151  000000000008200000000000000000000000000000000000000000000000000000000000000000000000000000000000000000000000000000000                          0000000000                                                                  000013
1021903727600017200000260206200016896                         00000000400380135961000000000000000000000000060207102126/400380100000000400380135961101021000000099000023704151  000000000008200000000000000000000000000000000000000000000000000000000000000000000000000000000000000000000000000000000                          7600000000                                                                  000014
1021903727600017200000260206200016896                         00000000400385347797000000000000000000000000060207102126/400385300000000400385347797101021000000002500023704158  000000000008200000000000000000000000000000000000000000000000000000000000000000000000000000000000000000000000000000000                          0000000000                                                                  000015
1021903727600017200000260206200016896                         00000000400414104513000000000000000000000000060207102126/400414100000000400414104513101021000000001500023704147  000000000008200000000000000000000000000000000000000000000000000000000000000000000000000000000000000000000000000000000                          7600000000                                                                  000016
1021903727600017200000260206200016896                         00000000400471025174000000000000000000000000060207102126/400471000000000400471025174101021000000011960023704151  000000000008200000000000000000000000000000000000000000000000000000000000000000000000000000000000000000000000000000000                          0000000000                                                                  000017
1021903727600017200000260206200016896                         00000000400580616972000000000000000000000000060207102126/400580600000000400580616972101021000000000800023704159  000000000000000000000000000000000000000000000000000000000000000000000000000000000000000000000000000000000000000000000                          0000000000                                                                  000018
1021903727600017200000260206200016896                         00000000400586702420000000000000000000000000060207102126/400586700000000400586702420101021000000002500023704159  000000000008200000000000000000000000000000000000000000000000000000000000000000000000000000000000000000000000000000000                          0000000000                                                                  000019
1021903727600017200000260206200016896                         00000000400628079958000000000000000000000000060207102126/400628000000000400628079958101021000000012000023704158  000000000008200000000000000000000000000000000000000000000000000000000000000000000000000000000000000000000000000000000                          0000000000                                                                  000020
1021903727600017200000260206200016896                         00000000400688888995000000000000000000000000060207102126/400688800000000400688888995101021000000003000023704143  000000000008200000000000000000000000000000000000000000000000000000000000000000000000000000000000000000000000000000000                          0000000000                                                                  000021
1021903727600017200000260206200016896                         00000000400700555182000000000000000000000000060207102126/400700500000000400700555182101021000000002100023704143  000000000008200000000000000000000000000000000000000000000000000000000000000000000000000000000000000000000000000000000                          0000000000                                                                  000022
1021903727600017200000260206200016896                         00000000400736700162000000000000000000000000060207102126/400736700000000400736700162101021000000001000023704159  000000000008200000000000000000000000000000000000000000000000000000000000000000000000000000000000000000000000000000000                          0000000000                                                                  000023
1021903727600017200000260206200016896                         00000000400873224130000000000000000000000000060207102126/400873200000000400873224130101021000000020000023704159  000000000008200000000000000000000000000000000000000000000000000000000000000000000000000000000000000000000000000000000                          0000000000                                                                  000024
1021903727600017200000260206200016896                         00000000400948166972000000000000000000000000060207102126/400948100000000400948166972101021000000005000023704602  000000000008200000000000000000000000000000000000000000000000000000000000000000000000000000000000000000000000000000000                          0000000000                                                                  000025
1021903727600017200000260206200016896                         00000000600630430424000000000000000000000000060207102126/600630400000000600630430424101021000000000269923704159  000000000008200000000000000000000000000000000000000000000000000000000000000000000000000000000000000000000000000000000                          0000000000                                                                  000026
1021903727600017200000260206200016896                         00000000200803246472000000000000000000000000060607102126/200803200000000200803246472091021000000000987110403880  000000000000000000000000000000000000000000000000000000000000000000000000000000000000000987100000000000000000000000000   081021             00000000000000                                                                  000027
1021903727600017200000260206200016896                         00000000200988999269000000000000000000000000060607102126/200988900000000200988999269101021000000000189934108685  000000000000000000000000000000000000000000000000000000000000000000000000000000000000000189900000000000000000000000000   081021             00000000000000                                                                  000028
1021903727600017200000260206200016896                         00000000400101514427000000000000000000000000060607102126/400101500000000400101514427101021000000010500010400389  000000000000000000000000000000000000000000000000000000000000000000000000000000000000010500000000000000000000000000000   081021             00000000000000                                                                  000029
1021903727600017200000260206200016896                         00000000400137102362000000000000000000000000060607102126/400137100000000400137102362101021000000005000002100153  000000000000000000000000000000000000000000000000000000000000000000000000000000000000005000000000000000000000000000000   081021             00000000000000                                                                  000030
1021903727600017200000260206200016896                         00000000400195373449000000000000000000000000060607102126/400195300000000400195373449101021000000004000010403540  000000000000000000000000000000000000000000000000000000000000000000000000000000000000004000000000000000000000000000000   081021             00000000000000                                                                  000031
1021903727600017200000260206200016896                         00000000400198229284000000000000000000000000060607102126/400198200000000400198229284101021000000002000010400022  000000000000000000000000000000000000000000000000000000000000000000000000000000000000002000000000000000000000000000000   081021             00000000000000                                                                  000032
1021903727600017200000260206200016896                         00000000400215287048000000000000000000000000060607102126/400215200000000400215287048101021000000150000034103311  000000000000000000000000000000000000000000000000000000000000000000000000000000000000150000000000000000000000000000000   081021             00000000000000                                                                  000033
1021903727600017200000260206200016896                         0000000040021844635P000000000000000000000000060607102126/40021840000000040021844635P101021000000150000034103311  000000000000000000000000000000000000000000000000000000000000000000000000000000000000150000000000000000000000000000000   081021             00000000000000                                                                  000034
1021903727600017200000260206200016896                         00000000400380135961000000000000000000000000060607102126/400380100000000400380135961101021000000099000063300001  000000000000000000000000000000000000000000000000000000000000000000000000000000000000099000000000000000000000000000000   081021             00000000000000                                                                  000035
1021903727600017200000260206200016896                         00000000400385347797000000000000000000000000060607102126/400385300000000400385347797101021000000002500023700365  000000000000000000000000000000000000000000000000000000000000000000000000000000000000002500000000000000000000000000000   081021             00000000000000                                                                  000036
1021903727600017200000260206200016896                         00000000400471025174000000000000000000000000060607102126/400471000000000400471025174101021000000011960063300001  000000000000000000000000000000000000000000000000000000000000000000000000000000000000011960000000000000000000000000000   081021             00000000000000                                                                  000037
1021903727600017200000260206200016896                         00000000400586702420000000000000000000000000060607102126/400586700000000400586702420101021000000002500075604327  000000000000000000000000000000000000000000000000000000000000000000000000000000000000002500000000000000000000000000000   081021             00000000000000                                                                  000038
1021903727600017200000260206200016896                         00000000400688888995000000000000000000000000060607102126/400688800000000400688888995101021000000003000008501037  000000000000000000000000000000000000000000000000000000000000000000000000000000000000003000000000000000000000000000000   081021             00000000000000                                                                  000039
1021903727600017200000260206200016896                         00000000400700555182000000000000000000000000060607102126/400700500000000400700555182101021000000002100008501071  000000000000000000000000000000000000000000000000000000000000000000000000000000000000002100000000000000000000000000000   081021             00000000000000                                                                  000040
1021903727600017200000260206200016896                         00000000400873224130000000000000000000000000060607102126/400873200000000400873224130101021000000020000010401580  000000000000000000000000000000000000000000000000000000000000000000000000000000000000020000000000000000000000000000000   081021             00000000000000                                                                  000041
1021903727600017200000260206200016896                         00000000400948166972000000000000000000000000060607102126/400948100000000400948166972101021000000005000000101694  000000000000000000000000000000000000000000000000000000000000000000000000000000000000005000000000000000000000000000000   081021             00000000000000                                                                  000042
1021903727600017200000260206200016896                         00000000200167318948000000000000000000000000061007102126/200167300000000200167318948070821000000000710023700000  000000000000000000000000000000000000000000000000000000000000000000000000000000000000000000000000000000000000000000000                          1600000000                                                                  000043
1021903727600017200000260206200016896                         00000000200509374004000000000000000000000000061007102126/200509300000000200509374004070821000000000305823700000  000000000000000000000000000000000000000000000000000000000000000000000000000000000000000000000000000000000000000000000                          1600000000                                                                  000044
1021903727600017200000260206200016896                         0000000020062890139P000000000000000000000000061007102126/20062890000000020062890139P070821000000000519423700000  000000000000000000000000000000000000000000000000000000000000000000000000000000000000000000000000000000000000000000000                          1600000000                                                                  000045
1021903727600017200000260206200016896                         00000000200766574057000000000000000000000000061007102126/200766500000000200766574057070821000000000305823700000  000000000000000000000000000000000000000000000000000000000000000000000000000000000000000000000000000000000000000000000                          1600000000                                                                  000046
1021903727600017200000260206200016896                         00000000200773688963000000000000000000000000061007102126/200773600000000200773688963070821000000000305823700000  000000000000000000000000000000000000000000000000000000000000000000000000000000000000000000000000000000000000000000000                          1600000000                                                                  000047
1021903727600017200000260206200016896                         00000000400360565218000000000000000000000000061007102126/400360500000000400360565218070821000000001000023700000  000000000000000000000000000000000000000000000000000000000000000000000000000000000000000000000000000000000000000000000                          1600000000                                                                  000048
1021903727600017200000260206200016896                         00000000400784303515000000000000000000000000061007102126/400784300000000400784303515070821000000000800023700000  000000000000000000000000000000000000000000000000000000000000000000000000000000000000000000000000000000000000000000000                          1600000000                                                                  000049
1021903727600017200000260206200016896                         00000000400948251996000000000000000000000000061007102126/400948200000000400948251996070821000000030000023700000  000000000000000000000000000000000000000000000000000000000000000000000000000000000000000000000000000000000000000000000                          1600000000                                                                  000050
9201237          000006540000001782780400000783          00025000004934334000004687370000160000046873700000800000033946800000000000000000000000000000000000000000000000000000000000000000000                                                                                                                                                                              00000000000000000000000         000051
