02RETORNO01COBRANCA       00000000000005034448E-PREPAG ADMINISTRADORA DE CAR237BRADESCO       0710220160000001034                                                                                                                                                                                                                                                                          101022         000001
1021903727600017200000260206200016896                         00000000200258873944000000000000000000000000060207102226/200258800000000200258873944101022000000001250023704400  000000000008200000000000000000000000000000000000000000000000000000000000000000000000000000000000000000000000000000000                          0000000000                                                                  000002
1021903727600017200000260206200016896                         00000000400390658997000000000000000000000000060207102226/400390600000000400390658997101022000000006000023704157  000000000008200000000000000000000000000000000000000000000000000000000000000000000000000000000000000000000000000000000                          0000000000                                                                  000003
1021903727600017200000260206200016896                         00000000400422349231000000000000000000000000060207102226/400422300000000400422349231101022000000150000023704428  000000000008200000000000000000000000000000000000000000000000000000000000000000000000000000000000000000000000000000000                          7600000000                                                                  000004
1021903727600017200000260206200016896                         00000000400537403868000000000000000000000000060207102226/400537400000000400537403868101022000000000800023702062  000000000008200000000000000000000000000000000000000000000000000000000000000000000000000000000000000000000000000000000                          0000000000                                                                  000005
1021903727600017200000260206200016896                         00000000400685962353000000000000000000000000060207102226/400685900000000400685962353101022000000002000023704424  000000000008200000000000000000000000000000000000000000000000000000000000000000000000000000000000000000000000000000000                          0000000000                                                                  000006
1021903727600017200000260206200016896                         00000000400819051530000000000000000000000000060207102226/400819000000000400819051530101022000000001500023704424  000000000008200000000000000000000000000000000000000000000000000000000000000000000000000000000000000000000000000000000                          0000000000                                                                  000007
1021903727600017200000260206200016896                         00000000400825325332000000000000000000000000060207102226/400825300000000400825325332101022000000000800023704158  000000000008200000000000000000000000000000000000000000000000000000000000000000000000000000000000000000000000000000000                          0000000000                                                                  000008
1021903727600017200000260206200016896                         00000000400959738439000000000000000000000000060207102226/400959700000000400959738439101022000000004400023704159  000000000008200000000000000000000000000000000000000000000000000000000000000000000000000000000000000000000000000000000                          0000000000                                                                  000009
1021903727600017200000260206200016896                         00000000200258873944000000000000000000000000060607102226/200258800000000200258873944101022000000001250021200001  000000000000000000000000000000000000000000000000000000000000000000000000000000000000001250000000000000000000000000000   101022             00000000000000                                                                  000010
1021903727600017200000260206200016896                         00000000400390658997000000000000000000000000060607102226/400390600000000400390658997101022000000006000026000001  000000000000000000000000000000000000000000000000000000000000000000000000000000000000006000000000000000000000000000000   101022             00000000000000                                                                  000011
1021903727600017200000260206200016896                         00000000400537403868000000000000000000000000060607102226/400537400000000400537403868101022000000000800065500001  000000000000000000000000000000000000000000000000000000000000000000000000000000000000000800000000000000000000000000000   101022             00000000000000                                                                  000012
1021903727600017200000260206200016896                         00000000400825325332000000000000000000000000060607102226/400825300000000400825325332101022000000000800023700365  000000000000000000000000000000000000000000000000000000000000000000000000000000000000000800000000000000000000000000000   101022             00000000000000                                                                  000013
1021903727600017200000260206200016896                         00000000400959738439000000000000000000000000060607102226/400959700000000400959738439101022000000004400075604327  000000000000000000000000000000000000000000000000000000000000000000000000000000000000004400000000000000000000000000000   101022             00000000000000                                                                  000014
1021903727600017200000260206200016896                         00000000200150711506000000000000000000000000061007102226/200150700000000200150711506070822000000000820023700000  000000000000000000000000000000000000000000000000000000000000000000000000000000000000000000000000000000000000000000000                          1600000000                                                                  000015
9201237          000001060000000492481100001034          00008000001667500000000132500000050000001325000000100000000820000000000000000000000000000000000000000000000000000000000000000000000                                                                                                                                                                              00000000000000000000000         000016
