02RETORNO01COBRANCA       00000000000005034448E-PREPAG ADMINISTRADORA DE CAR237BRADESCO       0712210160000000823                                                                                                                                                                                                                                                                          081221         000001
1021903727600017200000260206200016896                         00000000200149465518000000000000000000000000060207122126/200149400000000200149465518101221000000000254923704426  000000000008200000000000000000000000000000000000000000000000000000000000000000000000000000000000000000000000000000000                          0000000000                                                                  000002
1021903727600017200000260206200016896                         00000000400063061286000000000000000000000000060207122126/400063000000000400063061286101221000000006000023704144  000000000008200000000000000000000000000000000000000000000000000000000000000000000000000000000000000000000000000000000                          0000000000                                                                  000003
1021903727600017200000260206200016896                         00000000400070415913000000000000000000000000060207122126/400070400000000400070415913101221000000000800023704159  000000000008200000000000000000000000000000000000000000000000000000000000000000000000000000000000000000000000000000000                          0000000000                                                                  000004
1021903727600017200000260206200016896                         00000000400108819983000000000000000000000000060207122126/400108800000000400108819983101221000000000800023704159  000000000008200000000000000000000000000000000000000000000000000000000000000000000000000000000000000000000000000000000                          0000000000                                                                  000005
1021903727600017200000260206200016896                         00000000400128277435000000000000000000000000060207122126/400128200000000400128277435101221000000000800023704159  000000000008200000000000000000000000000000000000000000000000000000000000000000000000000000000000000000000000000000000                          0000000000                                                                  000006
1021903727600017200000260206200016896                         00000000400130865573000000000000000000000000060207122126/400130800000000400130865573101221000000005000023704143  000000000008200000000000000000000000000000000000000000000000000000000000000000000000000000000000000000000000000000000                          7600000000                                                                  000007
1021903727600017200000260206200016896                         00000000400185761181000000000000000000000000060207122126/400185700000000400185761181101221000000006450023704157  000000000008200000000000000000000000000000000000000000000000000000000000000000000000000000000000000000000000000000000                          0000000000                                                                  000008
1021903727600017200000260206200016896                         00000000400205402221000000000000000000000000060207122126/400205400000000400205402221101221000000012000023704154  000000000008200000000000000000000000000000000000000000000000000000000000000000000000000000000000000000000000000000000                          0000000000                                                                  000009
1021903727600017200000260206200016896                         00000000400205741530000000000000000000000000060207122126/400205700000000400205741530101221000000000800023704159  000000000008200000000000000000000000000000000000000000000000000000000000000000000000000000000000000000000000000000000                          0000000000                                                                  000010
1021903727600017200000260206200016896                         00000000400208981230000000000000000000000000060207122126/400208900000000400208981230101221000000003000023704152  000000000008200000000000000000000000000000000000000000000000000000000000000000000000000000000000000000000000000000000                          0000000000                                                                  000011
1021903727600017200000260206200016896                         00000000400209359258000000000000000000000000060207122126/400209300000000400209359258101221000000002000023704158  000000000008200000000000000000000000000000000000000000000000000000000000000000000000000000000000000000000000000000000                          0000000000                                                                  000012
1021903727600017200000260206200016896                         00000000400214049658000000000000000000000000060207122126/400214000000000400214049658101221000000006930023704158  000000000008200000000000000000000000000000000000000000000000000000000000000000000000000000000000000000000000000000000                          0000000000                                                                  000013
1021903727600017200000260206200016896                         00000000400233355468000000000000000000000000060207122126/400233300000000400233355468101221000000000800023704159  000000000008200000000000000000000000000000000000000000000000000000000000000000000000000000000000000000000000000000000                          0000000000                                                                  000014
1021903727600017200000260206200016896                         00000000400238832906000000000000000000000000060207122126/400238800000000400238832906101221000000000800023704159  000000000008200000000000000000000000000000000000000000000000000000000000000000000000000000000000000000000000000000000                          0000000000                                                                  000015
1021903727600017200000260206200016896                         00000000400241691094000000000000000000000000060207122126/400241600000000400241691094101221000000000800023704159  000000000008200000000000000000000000000000000000000000000000000000000000000000000000000000000000000000000000000000000                          0000000000                                                                  000016
1021903727600017200000260206200016896                         00000000400245544711000000000000000000000000060207122126/400245500000000400245544711101221000000002000023704144  000000000008200000000000000000000000000000000000000000000000000000000000000000000000000000000000000000000000000000000                          0000000000                                                                  000017
1021903727600017200000260206200016896                         00000000400247615837000000000000000000000000060207122126/400247600000000400247615837101221000000006000023704159  000000000008200000000000000000000000000000000000000000000000000000000000000000000000000000000000000000000000000000000                          0000000000                                                                  000018
1021903727600017200000260206200016896                         00000000400271359639000000000000000000000000060207122126/400271300000000400271359639101221000000002300023704159  000000000008200000000000000000000000000000000000000000000000000000000000000000000000000000000000000000000000000000000                          0000000000                                                                  000019
1021903727600017200000260206200016896                         00000000400302474032000000000000000000000000060207122126/400302400000000400302474032101221000000000800023704602  000000000008200000000000000000000000000000000000000000000000000000000000000000000000000000000000000000000000000000000                          7600000000                                                                  000020
1021903727600017200000260206200016896                         00000000400302928998000000000000000000000000060207122126/400302900000000400302928998101221000000002100023704426  000000000008200000000000000000000000000000000000000000000000000000000000000000000000000000000000000000000000000000000                          7600000000                                                                  000021
1021903727600017200000260206200016896                         00000000400305170190000000000000000000000000060207122126/400305100000000400305170190101221000000002100023704158  000000000008200000000000000000000000000000000000000000000000000000000000000000000000000000000000000000000000000000000                          0000000000                                                                  000022
1021903727600017200000260206200016896                         00000000400325060316000000000000000000000000060207122126/400325000000000400325060316101221000000003250023704424  000000000008200000000000000000000000000000000000000000000000000000000000000000000000000000000000000000000000000000000                          0000000000                                                                  000023
1021903727600017200000260206200016896                         00000000400331573716000000000000000000000000060207122126/400331500000000400331573716101221000000003200023704424  000000000008200000000000000000000000000000000000000000000000000000000000000000000000000000000000000000000000000000000                          0000000000                                                                  000024
1021903727600017200000260206200016896                         00000000400335323498000000000000000000000000060207122126/400335300000000400335323498101221000000000800023704159  000000000008200000000000000000000000000000000000000000000000000000000000000000000000000000000000000000000000000000000                          0000000000                                                                  000025
1021903727600017200000260206200016896                         0000000040033937092P000000000000000000000000060207122126/40033930000000040033937092P101221000000000810023704602  000000000008200000000000000000000000000000000000000000000000000000000000000000000000000000000000000000000000000000000                          7600000000                                                                  000026
1021903727600017200000260206200016896                         00000000400357114388000000000000000000000000060207122126/400357100000000400357114388101221000000000800023704159  000000000008200000000000000000000000000000000000000000000000000000000000000000000000000000000000000000000000000000000                          0000000000                                                                  000027
1021903727600017200000260206200016896                         00000000400396436767000000000000000000000000060207122126/400396400000000400396436767101221000000001250023704422  000000000008200000000000000000000000000000000000000000000000000000000000000000000000000000000000000000000000000000000                          0000000000                                                                  000028
1021903727600017200000260206200016896                         00000000400401066264000000000000000000000000060207122126/400401000000000400401066264101221000000000800023704422  000000000008200000000000000000000000000000000000000000000000000000000000000000000000000000000000000000000000000000000                          0000000000                                                                  000029
1021903727600017200000260206200016896                         00000000400407296172000000000000000000000000060207122126/400407200000000400407296172101221000000007000023704154  000000000008200000000000000000000000000000000000000000000000000000000000000000000000000000000000000000000000000000000                          0000000000                                                                  000030
1021903727600017200000260206200016896                         00000000400409640873000000000000000000000000060207122126/400409600000000400409640873101221000000007000023704157  000000000008200000000000000000000000000000000000000000000000000000000000000000000000000000000000000000000000000000000                          0000000000                                                                  000031
1021903727600017200000260206200016896                         00000000400413792815000000000000000000000000060207122126/400413700000000400413792815101221000000000800023704159  000000000008200000000000000000000000000000000000000000000000000000000000000000000000000000000000000000000000000000000                          0000000000                                                                  000032
1021903727600017200000260206200016896                         00000000400498113822000000000000000000000000060207122126/400498100000000400498113822101221000000008000023700153  000000000008200000000000000000000000000000000000000000000000000000000000000000000000000000000000000000000000000000000                          0000000000                                                                  000033
1021903727600017200000260206200016896                         00000000400500132791000000000000000000000000060207122126/400500100000000400500132791101221000000004000023704151  000000000008200000000000000000000000000000000000000000000000000000000000000000000000000000000000000000000000000000000                          0000000000                                                                  000034
1021903727600017200000260206200016896                         00000000400538073276000000000000000000000000060207122126/400538000000000400538073276101221000000000800023704159  000000000008200000000000000000000000000000000000000000000000000000000000000000000000000000000000000000000000000000000                          0000000000                                                                  000035
1021903727600017200000260206200016896                         00000000400585622083000000000000000000000000060207122126/400585600000000400585622083101221000000002000023704143  000000000008200000000000000000000000000000000000000000000000000000000000000000000000000000000000000000000000000000000                          0000000000                                                                  000036
1021903727600017200000260206200016896                         00000000400597018122000000000000000000000000060207122126/400597000000000400597018122101221000000003000023700140  000000000008200000000000000000000000000000000000000000000000000000000000000000000000000000000000000000000000000000000                          0000000000                                                                  000037
1021903727600017200000260206200016896                         00000000400600176109000000000000000000000000060207122126/400600100000000400600176109101221000000005000023700435  000000000008200000000000000000000000000000000000000000000000000000000000000000000000000000000000000000000000000000000                          0000000000                                                                  000038
1021903727600017200000260206200016896                         00000000400609529055000000000000000000000000060207122126/400609500000000400609529055101221000000000800023704159  000000000008200000000000000000000000000000000000000000000000000000000000000000000000000000000000000000000000000000000                          0000000000                                                                  000039
1021903727600017200000260206200016896                         00000000400710915934000000000000000000000000060207122126/400710900000000400710915934101221000000003000023704424  000000000008200000000000000000000000000000000000000000000000000000000000000000000000000000000000000000000000000000000                          0000000000                                                                  000040
1021903727600017200000260206200016896                         00000000400727541132000000000000000000000000060207122126/400727500000000400727541132101221000000000800023704159  000000000008200000000000000000000000000000000000000000000000000000000000000000000000000000000000000000000000000000000                          0000000000                                                                  000041
1021903727600017200000260206200016896                         00000000400787611008000000000000000000000000060207122126/400787600000000400787611008101221000000000800023704159  000000000008200000000000000000000000000000000000000000000000000000000000000000000000000000000000000000000000000000000                          0000000000                                                                  000042
1021903727600017200000260206200016896                         00000000400793630456000000000000000000000000060207122126/400793600000000400793630456101221000000000800023700320  000000000008200000000000000000000000000000000000000000000000000000000000000000000000000000000000000000000000000000000                          0000000000                                                                  000043
1021903727600017200000260206200016896                         00000000400802895409000000000000000000000000060207122126/400802800000000400802895409101221000000002000023703109  000000000000000000000000000000000000000000000000000000000000000000000000000000000000000000000000000000000000000000000                          0000000000                                                                  000044
1021903727600017200000260206200016896                         0000000040082987702P000000000000000000000000060207122126/40082980000000040082987702P101221000000000800023704157  000000000000000000000000000000000000000000000000000000000000000000000000000000000000000000000000000000000000000000000                          0000000000                                                                  000045
1021903727600017200000260206200016896                         00000000400853690879000000000000000000000000060207122126/400853600000000400853690879101221000000000800023704602  000000000008200000000000000000000000000000000000000000000000000000000000000000000000000000000000000000000000000000000                          7600000000                                                                  000046
1021903727600017200000260206200016896                         00000000400858659473000000000000000000000000060207122126/400858600000000400858659473101221000000000800023704159  000000000008200000000000000000000000000000000000000000000000000000000000000000000000000000000000000000000000000000000                          0000000000                                                                  000047
1021903727600017200000260206200016896                         00000000400866710526000000000000000000000000060207122126/400866700000000400866710526101221000000000800023704422  000000000008200000000000000000000000000000000000000000000000000000000000000000000000000000000000000000000000000000000                          0000000000                                                                  000048
1021903727600017200000260206200016896                         00000000400885197953000000000000000000000000060207122126/400885100000000400885197953101221000000000800023704159  000000000008200000000000000000000000000000000000000000000000000000000000000000000000000000000000000000000000000000000                          0000000000                                                                  000049
1021903727600017200000260206200016896                         00000000400891096891000000000000000000000000060207122126/400891000000000400891096891101221000000000800023704159  000000000008200000000000000000000000000000000000000000000000000000000000000000000000000000000000000000000000000000000                          0000000000                                                                  000050
1021903727600017200000260206200016896                         00000000400923592454000000000000000000000000060207122126/400923500000000400923592454101221000000000800023704422  000000000008200000000000000000000000000000000000000000000000000000000000000000000000000000000000000000000000000000000                          0000000000                                                                  000051
1021903727600017200000260206200016896                         00000000400923996814000000000000000000000000060207122126/400923900000000400923996814101221000000001000023704151  000000000008200000000000000000000000000000000000000000000000000000000000000000000000000000000000000000000000000000000                          0000000000                                                                  000052
1021903727600017200000260206200016896                         00000000400943370822000000000000000000000000060207122126/400943300000000400943370822101221000000000800023704159  000000000008200000000000000000000000000000000000000000000000000000000000000000000000000000000000000000000000000000000                          0000000000                                                                  000053
1021903727600017200000260206200016896                         00000000100032106954000000000000000000000000060607122126/100032100000000100032106954071221000000007847210404752  000000000000000000000000000000000000000000000000000000000000000000000000000000000000007847200000000000000000000000000   081221             00000000000000                                                                  000054
1021903727600017200000260206200016896                         00000000100032108981000000000000000000000000060607122126/100032100000000100032108981071221000000001530000104302  000000000000000000000000000000000000000000000000000000000000000000000000000000000000001530000000000000000000000000000   081221             00000000000000                                                                  000055
1021903727600017200000260206200016896                         00000000200149465518000000000000000000000000060607122126/200149400000000200149465518101221000000000254910400434  000000000000000000000000000000000000000000000000000000000000000000000000000000000000000254900000000000000000000000000   081221             00000000000000                                                                  000056
1021903727600017200000260206200016896                         00000000200680226986000000000000000000000000060607122126/200680200000000200680226986091221000000000302034100748  000000000000000000000000000000000000000000000000000000000000000000000000000000000000000302000000000000000000000000000   081221             00000000000000                                                                  000057
1021903727600017200000260206200016896                         00000000400063061286000000000000000000000000060607122126/400063000000000400063061286101221000000006000010400397  000000000000000000000000000000000000000000000000000000000000000000000000000000000000006000000000000000000000000000000   081221             00000000000000                                                                  000058
1021903727600017200000260206200016896                         00000000400070415913000000000000000000000000060607122126/400070400000000400070415913101221000000000800065500001  000000000000000000000000000000000000000000000000000000000000000000000000000000000000000800000000000000000000000000000   081221             00000000000000                                                                  000059
1021903727600017200000260206200016896                         00000000400130865573000000000000000000000000060607122126/400130800000000400130865573101221000000005000023701555  000000000000000000000000000000000000000000000000000000000000000000000000000000000000005000000000000000000000000000000   081221             00000000000000                                                                  000060
1021903727600017200000260206200016896                         00000000400208981230000000000000000000000000060607122126/400208900000000400208981230101221000000003000023700536  000000000000000000000000000000000000000000000000000000000000000000000000000000000000003000000000000000000000000000000   081221             00000000000000                                                                  000061
1021903727600017200000260206200016896                         00000000400209359258000000000000000000000000060607122126/400209300000000400209359258101221000000002000023700365  000000000000000000000000000000000000000000000000000000000000000000000000000000000000002000000000000000000000000000000   081221             00000000000000                                                                  000062
1021903727600017200000260206200016896                         00000000400214049658000000000000000000000000060607122126/400214000000000400214049658101221000000006930010400422  000000000000000000000000000000000000000000000000000000000000000000000000000000000000006930000000000000000000000000000   081221             00000000000000                                                                  000063
1021903727600017200000260206200016896                         00000000400245544711000000000000000000000000060607122126/400245500000000400245544711101221000000002000065500001  000000000000000000000000000000000000000000000000000000000000000000000000000000000000002000000000000000000000000000000   081221             00000000000000                                                                  000064
1021903727600017200000260206200016896                         00000000400247615837000000000000000000000000060607122126/400247600000000400247615837101221000000006000000100922  000000000000000000000000000000000000000000000000000000000000000000000000000000000000006000000000000000000000000000000   081221             00000000000000                                                                  000065
1021903727600017200000260206200016896                         00000000400271359639000000000000000000000000060607122126/400271300000000400271359639101221000000002300000101112  000000000000000000000000000000000000000000000000000000000000000000000000000000000000002300000000000000000000000000000   081221             00000000000000                                                                  000066
1021903727600017200000260206200016896                         00000000400305170190000000000000000000000000060607122126/400305100000000400305170190101221000000002100000102020  000000000000000000000000000000000000000000000000000000000000000000000000000000000000002100000000000000000000000000000   081221             00000000000000                                                                  000067
1021903727600017200000260206200016896                         00000000400374522058000000000000000000000000060607122126/400374500000000400374522058061221000000003230010400422  000000000000000000000000000000000000000000000000000000000000000000000000000000000000003230000000000000000000000000000   081221             00000000000000                                                                  000068
1021903727600017200000260206200016896                         00000000400396436767000000000000000000000000060607122126/400396400000000400396436767101221000000001250065500001  000000000000000000000000000000000000000000000000000000000000000000000000000000000000001250000000000000000000000000000   081221             00000000000000                                                                  000069
1021903727600017200000260206200016896                         00000000400401066264000000000000000000000000060607122126/400401000000000400401066264101221000000000800065500001  000000000000000000000000000000000000000000000000000000000000000000000000000000000000000800000000000000000000000000000   081221             00000000000000                                                                  000070
1021903727600017200000260206200016896                         00000000400498113822000000000000000000000000060607122126/400498100000000400498113822101221000000008000023705889  000000000000000000000000000000000000000000000000000000000000000000000000000000000000008000000000000000000000000000000   081221             00000000000000                                                                  000071
1021903727600017200000260206200016896                         00000000400538073276000000000000000000000000060607122126/400538000000000400538073276101221000000000800065500001  000000000000000000000000000000000000000000000000000000000000000000000000000000000000000800000000000000000000000000000   081221             00000000000000                                                                  000072
1021903727600017200000260206200016896                         00000000400585622083000000000000000000000000060607122126/400585600000000400585622083101221000000002000008501071  000000000000000000000000000000000000000000000000000000000000000000000000000000000000002000000000000000000000000000000   081221             00000000000000                                                                  000073
1021903727600017200000260206200016896                         00000000400597018122000000000000000000000000060607122126/400597000000000400597018122101221000000003000075604327  000000000000000000000000000000000000000000000000000000000000000000000000000000000000003000000000000000000000000000000   081221             00000000000000                                                                  000074
1021903727600017200000260206200016896                         00000000400600176109000000000000000000000000060607122126/400600100000000400600176109101221000000005000010400041  000000000000000000000000000000000000000000000000000000000000000000000000000000000000005000000000000000000000000000000   081221             00000000000000                                                                  000075
1021903727600017200000260206200016896                         00000000400710915934000000000000000000000000060607122126/400710900000000400710915934101221000000003000063300001  000000000000000000000000000000000000000000000000000000000000000000000000000000000000003000000000000000000000000000000   081221             00000000000000                                                                  000076
1021903727600017200000260206200016896                         00000000400793630456000000000000000000000000060607122126/400793600000000400793630456101221000000000800075604327  000000000000000000000000000000000000000000000000000000000000000000000000000000000000000800000000000000000000000000000   081221             00000000000000                                                                  000077
1021903727600017200000260206200016896                         00000000400853690879000000000000000000000000060607122126/400853600000000400853690879101221000000000800075600259  000000000000000000000000000000000000000000000000000000000000000000000000000000000000000800000000000000000000000000000   081221             00000000000000                                                                  000078
1021903727600017200000260206200016896                         00000000400866710526000000000000000000000000060607122126/400866700000000400866710526101221000000000800065500001  000000000000000000000000000000000000000000000000000000000000000000000000000000000000000800000000000000000000000000000   081221             00000000000000                                                                  000079
1021903727600017200000260206200016896                         00000000400891096891000000000000000000000000060607122126/400891000000000400891096891101221000000000800065500001  000000000000000000000000000000000000000000000000000000000000000000000000000000000000000800000000000000000000000000000   081221             00000000000000                                                                  000080
1021903727600017200000260206200016896                         0000000040089178478P000000000000000000000000060607122126/40089170000000040089178478P091221000000001000010401127  000000000000000000000000000000000000000000000000000000000000000000000000000000000000001000000000000000000000000000000   081221             00000000000000                                                                  000081
1021903727600017200000260206200016896                         00000000400923592454000000000000000000000000060607122126/400923500000000400923592454101221000000000800065500001  000000000000000000000000000000000000000000000000000000000000000000000000000000000000000800000000000000000000000000000   081221             00000000000000                                                                  000082
1021903727600017200000260206200016896                         00000000400923996814000000000000000000000000060607122126/400923900000000400923996814101221000000001000063300001  000000000000000000000000000000000000000000000000000000000000000000000000000000000000001000000000000000000000000000000   081221             00000000000000                                                                  000083
9201237          000003700000000951963100000823          00052000001266449000000791441000300000007914410000000000000000000000000000000000000000000000000000000000000000000000000000000000000                                                                                                                                                                              00000000000000000000000         000084
