02RETORNO01COBRANCA       00000000000005034448E-PREPAG ADMINISTRADORA DE CAR237BRADESCO       0812210160000000824                                                                                                                                                                                                                                                                          091221         000001
1021903727600017200000260206200016896                         00000000200906743296000000000000000000000000060208122126/200906700000000200906743296111221000000000674123704274  000000000008200000000000000000000000000000000000000000000000000000000000000000000000000000000000000000000000000000000                          0000000000                                                                  000002
1021903727600017200000260206200016896                         00000000400120405914000000000000000000000000060208122126/400120400000000400120405914111221000000000800023703162  000000000008200000000000000000000000000000000000000000000000000000000000000000000000000000000000000000000000000000000                          0000000000                                                                  000003
1021903727600017200000260206200016896                         00000000400212018453000000000000000000000000060208122126/400212000000000400212018453111221000000001700023704426  000000000008200000000000000000000000000000000000000000000000000000000000000000000000000000000000000000000000000000000                          0000000000                                                                  000004
1021903727600017200000260206200016896                         00000000400222327381000000000000000000000000060208122126/400222300000000400222327381111221000000003330023704159  000000000008200000000000000000000000000000000000000000000000000000000000000000000000000000000000000000000000000000000                          0000000000                                                                  000005
1021903727600017200000260206200016896                         00000000400261512935000000000000000000000000060208122126/400261500000000400261512935111221000000002680023704152  000000000008200000000000000000000000000000000000000000000000000000000000000000000000000000000000000000000000000000000                          0000000000                                                                  000006
1021903727600017200000260206200016896                         00000000400284330575000000000000000000000000060208122126/400284300000000400284330575111221000000000800023704422  000000000008200000000000000000000000000000000000000000000000000000000000000000000000000000000000000000000000000000000                          0000000000                                                                  000007
1021903727600017200000260206200016896                         00000000400293983956000000000000000000000000060208122126/400293900000000400293983956111221000000005500023700321  000000000008200000000000000000000000000000000000000000000000000000000000000000000000000000000000000000000000000000000                          0000000000                                                                  000008
1021903727600017200000260206200016896                         0000000040034036559P000000000000000000000000060208122126/40034030000000040034036559P111221000000000800023704151  000000000008200000000000000000000000000000000000000000000000000000000000000000000000000000000000000000000000000000000                          0000000000                                                                  000009
1021903727600017200000260206200016896                         0000000040038597533P000000000000000000000000060208122126/40038590000000040038597533P111221000000012000023704143  000000000008200000000000000000000000000000000000000000000000000000000000000000000000000000000000000000000000000000000                          0000000000                                                                  000010
1021903727600017200000260206200016896                         0000000040045684293P000000000000000000000000060208122126/40045680000000040045684293P111221000000002000023704426  000000000008200000000000000000000000000000000000000000000000000000000000000000000000000000000000000000000000000000000                          0000000000                                                                  000011
1021903727600017200000260206200016896                         0000000040061736703P000000000000000000000000060208122126/40061730000000040061736703P111221000000002660023704143  000000000008200000000000000000000000000000000000000000000000000000000000000000000000000000000000000000000000000000000                          7600000000                                                                  000012
1021903727600017200000260206200016896                         0000000040066425166P000000000000000000000000060208122126/40066420000000040066425166P111221000000000800023704422  000000000008200000000000000000000000000000000000000000000000000000000000000000000000000000000000000000000000000000000                          0000000000                                                                  000013
1021903727600017200000260206200016896                         00000000400685631594000000000000000000000000060208122126/400685600000000400685631594111221000000003000023704144  000000000008200000000000000000000000000000000000000000000000000000000000000000000000000000000000000000000000000000000                          0000000000                                                                  000014
1021903727600017200000260206200016896                         00000000400738146936000000000000000000000000060208122126/400738100000000400738146936111221000000099000023704151  000000000008200000000000000000000000000000000000000000000000000000000000000000000000000000000000000000000000000000000                          7600000000                                                                  000015
1021903727600017200000260206200016896                         00000000400790583260000000000000000000000000060208122126/400790500000000400790583260111221000000001210023704422  000000000008200000000000000000000000000000000000000000000000000000000000000000000000000000000000000000000000000000000                          0000000000                                                                  000016
1021903727600017200000260206200016896                         00000000400830965358000000000000000000000000060208122126/400830900000000400830965358111221000000014000023704157  000000000008200000000000000000000000000000000000000000000000000000000000000000000000000000000000000000000000000000000                          0000000000                                                                  000017
1021903727600017200000260206200016896                         00000000400838760534000000000000000000000000060208122126/400838700000000400838760534111221000000000850023704158  000000000008200000000000000000000000000000000000000000000000000000000000000000000000000000000000000000000000000000000                          0000000000                                                                  000018
1021903727600017200000260206200016896                         00000000400881169262000000000000000000000000060208122126/400881100000000400881169262111221000000000800023704151  000000000008200000000000000000000000000000000000000000000000000000000000000000000000000000000000000000000000000000000                          0000000000                                                                  000019
1021903727600017200000260206200016896                         00000000400916621805000000000000000000000000060208122126/400916600000000400916621805111221000000008000023700153  000000000008200000000000000000000000000000000000000000000000000000000000000000000000000000000000000000000000000000000                          0000000000                                                                  000020
1021903727600017200000260206200016896                         00000000400917679378000000000000000000000000060208122126/400917600000000400917679378111221000000005910023704154  000000000008200000000000000000000000000000000000000000000000000000000000000000000000000000000000000000000000000000000                          0000000000                                                                  000021
1021903727600017200000260206200016896                         00000000400921285872000000000000000000000000060208122126/400921200000000400921285872111221000000004000023704452  000000000008200000000000000000000000000000000000000000000000000000000000000000000000000000000000000000000000000000000                          0000000000                                                                  000022
1021903727600017200000260206200016896                         00000000400205402221000000000000000000000000060608122126/400205400000000400205402221101221000000012000075601396  000000000000000000000000000000000000000000000000000000000000000000000000000000000000012000000000000000000000000000000   091221             00000000000000                                                                  000023
1021903727600017200000260206200016896                         00000000400222327381000000000000000000000000060608122126/400222300000000400222327381111221000000003330065500001  000000000000000000000000000000000000000000000000000000000000000000000000000000000000003330000000000000000000000000000   091221             00000000000000                                                                  000024
1021903727600017200000260206200016896                         00000000400245829864000000000000000000000000060608122126/400245800000000400245829864091221000000012000075601396  000000000000000000000000000000000000000000000000000000000000000000000000000000000000012000000000000000000000000000000   091221             00000000000000                                                                  000025
1021903727600017200000260206200016896                         00000000400261512935000000000000000000000000060608122126/400261500000000400261512935111221000000002680063300001  000000000000000000000000000000000000000000000000000000000000000000000000000000000000002680000000000000000000000000000   091221             00000000000000                                                                  000026
1021903727600017200000260206200016896                         00000000400284330575000000000000000000000000060608122126/400284300000000400284330575111221000000000800065500001  000000000000000000000000000000000000000000000000000000000000000000000000000000000000000800000000000000000000000000000   091221             00000000000000                                                                  000027
1021903727600017200000260206200016896                         00000000400293983956000000000000000000000000060608122126/400293900000000400293983956111221000000005500010401859  000000000000000000000000000000000000000000000000000000000000000000000000000000000000005500000000000000000000000000000   091221             00000000000000                                                                  000028
1021903727600017200000260206200016896                         0000000040038597533P000000000000000000000000060608122126/40038590000000040038597533P111221000000012000010403130  000000000000000000000000000000000000000000000000000000000000000000000000000000000000012000000000000000000000000000000   091221             00000000000000                                                                  000029
1021903727600017200000260206200016896                         00000000400407296172000000000000000000000000060608122126/400407200000000400407296172101221000000007000010400721  000000000000000000000000000000000000000000000000000000000000000000000000000000000000007000000000000000000000000000000   091221             00000000000000                                                                  000030
1021903727600017200000260206200016896                         0000000040045684293P000000000000000000000000060608122126/40045680000000040045684293P111221000000002000010403711  000000000000000000000000000000000000000000000000000000000000000000000000000000000000002000000000000000000000000000000   091221             00000000000000                                                                  000031
1021903727600017200000260206200016896                         00000000400500132791000000000000000000000000060608122126/400500100000000400500132791101221000000004000010404354  000000000000000000000000000000000000000000000000000000000000000000000000000000000000004000000000000000000000000000000   091221             00000000000000                                                                  000032
1021903727600017200000260206200016896                         0000000040061736703P000000000000000000000000060608122126/40061730000000040061736703P111221000000002660023702151  000000000000000000000000000000000000000000000000000000000000000000000000000000000000002660000000000000000000000000000   091221             00000000000000                                                                  000033
1021903727600017200000260206200016896                         0000000040066425166P000000000000000000000000060608122126/40066420000000040066425166P111221000000000800065500001  000000000000000000000000000000000000000000000000000000000000000000000000000000000000000800000000000000000000000000000   091221             00000000000000                                                                  000034
1021903727600017200000260206200016896                         00000000400738146936000000000000000000000000060608122126/400738100000000400738146936111221000000099000063300001  000000000000000000000000000000000000000000000000000000000000000000000000000000000000099000000000000000000000000000000   091221             00000000000000                                                                  000035
1021903727600017200000260206200016896                         00000000400790583260000000000000000000000000060608122126/400790500000000400790583260111221000000001210065500001  000000000000000000000000000000000000000000000000000000000000000000000000000000000000001210000000000000000000000000000   091221             00000000000000                                                                  000036
1021903727600017200000260206200016896                         00000000400802895409000000000000000000000000060608122126/400802800000000400802895409101221000000002000063300001  000000000000000000000000000000000000000000000000000000000000000000000000000000000000002000000000000000000000000000000   091221             00000000000000                                                                  000037
1021903727600017200000260206200016896                         00000000400830965358000000000000000000000000060608122126/400830900000000400830965358111221000000014000010400389  000000000000000000000000000000000000000000000000000000000000000000000000000000000000014000000000000000000000000000000   091221             00000000000000                                                                  000038
1021903727600017200000260206200016896                         00000000400838760534000000000000000000000000060608122126/400838700000000400838760534111221000000000850000102020  000000000000000000000000000000000000000000000000000000000000000000000000000000000000000850000000000000000000000000000   091221             00000000000000                                                                  000039
1021903727600017200000260206200016896                         00000000400881169262000000000000000000000000060608122126/400881100000000400881169262111221000000000800010401187  000000000000000000000000000000000000000000000000000000000000000000000000000000000000000800000000000000000000000000000   091221             00000000000000                                                                  000040
1021903727600017200000260206200016896                         00000000400916621805000000000000000000000000060608122126/400916600000000400916621805111221000000008000023705889  000000000000000000000000000000000000000000000000000000000000000000000000000000000000008000000000000000000000000000000   091221             00000000000000                                                                  000041
1021903727600017200000260206200016896                         00000000400201032454000000000000000000000000061008122126/400201000000000400201032454081021000000001000023700000  000000000000000000000000000000000000000000000000000000000000000000000000000000000000000000000000000000000000000000000                          1600000000                                                                  000042
9201237          000003710000000930847200000824          00021000001705141000001906300000190000019063000000100000001000000000000000000000000000000000000000000000000000000000000000000000000                                                                                                                                                                              00000000000000000000000         000043
