02RETORNO01COBRANCA       00000000000005034448E-PREPAG ADMINISTRADORA DE CAR237BRADESCO       0809210160000000762                                                                                                                                                                                                                                                                          090921         000001
1021903727600017200000260206200016896                         0000000010003131653P000000000000000000000000060208092126/10003130000000010003131653P080921000000012992123704159  000000000008200000000000000000000000000000000000000000000000000000000000000000000000000000000000000000000000000000000                          0000000000                                                                  000002
1021903727600017200000260206200016896                         00000000200026301987000000000000000000000000060208092126/200026300000000200026301987100921000000000190423704159  000000000008200000000000000000000000000000000000000000000000000000000000000000000000000000000000000000000000000000000                          0000000000                                                                  000003
1021903727600017200000260206200016896                         00000000200176377124000000000000000000000000060208092126/200176300000000200176377124100921000000000269923704151  000000000008200000000000000000000000000000000000000000000000000000000000000000000000000000000000000000000000000000000                          0000000000                                                                  000004
1021903727600017200000260206200016896                         00000000200491746898000000000000000000000000060208092126/200491700000000200491746898110921000000000219023704424  000000000008200000000000000000000000000000000000000000000000000000000000000000000000000000000000000000000000000000000                          0000000000                                                                  000005
1021903727600017200000260206200016896                         00000000200619236278000000000000000000000000060208092126/200619200000000200619236278100921000000000269923704154  000000000008200000000000000000000000000000000000000000000000000000000000000000000000000000000000000000000000000000000                          0000000000                                                                  000006
1021903727600017200000260206200016896                         00000000200704612491000000000000000000000000060208092126/200704600000000200704612491110921000000000304323704452  000000000008200000000000000000000000000000000000000000000000000000000000000000000000000000000000000000000000000000000                          7600000000                                                                  000007
1021903727600017200000260206200016896                         00000000200735044726000000000000000000000000060208092126/200735000000000200735044726100921000000001000023704151  000000000008200000000000000000000000000000000000000000000000000000000000000000000000000000000000000000000000000000000                          0000000000                                                                  000008
1021903727600017200000260206200016896                         00000000200746599142000000000000000000000000060208092126/200746500000000200746599142100921000000006000023704152  000000000008200000000000000000000000000000000000000000000000000000000000000000000000000000000000000000000000000000000                          0000000000                                                                  000009
1021903727600017200000260206200016896                         00000000200844621946000000000000000000000000060208092126/200844600000000200844621946100921000000000049923704422  000000000008200000000000000000000000000000000000000000000000000000000000000000000000000000000000000000000000000000000                          0000000000                                                                  000010
1021903727600017200000260206200016896                         00000000200978535310000000000000000000000000060208092126/200978500000000200978535310110921000000000381823704143  000000000008200000000000000000000000000000000000000000000000000000000000000000000000000000000000000000000000000000000                          0000000000                                                                  000011
1021903727600017200000260206200016896                         00000000400016262362000000000000000000000000060208092126/400016200000000400016262362110921000000003000023700140  000000000008200000000000000000000000000000000000000000000000000000000000000000000000000000000000000000000000000000000                          0000000000                                                                  000012
1021903727600017200000260206200016896                         00000000400065781626000000000000000000000000060208092126/400065700000000400065781626110921000000001700023704143  000000000008200000000000000000000000000000000000000000000000000000000000000000000000000000000000000000000000000000000                          7600000000                                                                  000013
1021903727600017200000260206200016896                         00000000400103819179000000000000000000000000060208092126/400103800000000400103819179110921000000000800023704159  000000000008200000000000000000000000000000000000000000000000000000000000000000000000000000000000000000000000000000000                          0000000000                                                                  000014
1021903727600017200000260206200016896                         00000000400134843736000000000000000000000000060208092126/400134800000000400134843736110921000000001680023700140  000000000008200000000000000000000000000000000000000000000000000000000000000000000000000000000000000000000000000000000                          0000000000                                                                  000015
1021903727600017200000260206200016896                         00000000400143978091000000000000000000000000060208092126/400143900000000400143978091110921000000003400023704143  000000000008200000000000000000000000000000000000000000000000000000000000000000000000000000000000000000000000000000000                          0000000000                                                                  000016
1021903727600017200000260206200016896                         00000000400146258073000000000000000000000000060208092126/400146200000000400146258073100921000000001000023704400  000000000008200000000000000000000000000000000000000000000000000000000000000000000000000000000000000000000000000000000                          0000000000                                                                  000017
1021903727600017200000260206200016896                         00000000400170009106000000000000000000000000060208092126/400170000000000400170009106100921000000005000023704143  000000000008200000000000000000000000000000000000000000000000000000000000000000000000000000000000000000000000000000000                          7600000000                                                                  000018
1021903727600017200000260206200016896                         00000000400186058506000000000000000000000000060208092126/400186000000000400186058506110921000000000800023704159  000000000008200000000000000000000000000000000000000000000000000000000000000000000000000000000000000000000000000000000                          0000000000                                                                  000019
1021903727600017200000260206200016896                         00000000400189597114000000000000000000000000060208092126/400189500000000400189597114110921000000003890023704154  000000000008200000000000000000000000000000000000000000000000000000000000000000000000000000000000000000000000000000000                          0000000000                                                                  000020
1021903727600017200000260206200016896                         00000000400195212143000000000000000000000000060208092126/400195200000000400195212143110921000000001150023704452  000000000008200000000000000000000000000000000000000000000000000000000000000000000000000000000000000000000000000000000                          0000000000                                                                  000021
1021903727600017200000260206200016896                         00000000400208015954000000000000000000000000060208092126/400208000000000400208015954110921000000003500023700435  000000000008200000000000000000000000000000000000000000000000000000000000000000000000000000000000000000000000000000000                          0000000000                                                                  000022
1021903727600017200000260206200016896                         00000000400233363541000000000000000000000000060208092126/400233300000000400233363541110921000000002500023700320  000000000008200000000000000000000000000000000000000000000000000000000000000000000000000000000000000000000000000000000                          0000000000                                                                  000023
1021903727600017200000260206200016896                         00000000400254026960000000000000000000000000060208092126/400254000000000400254026960110921000000005000023704144  000000000008200000000000000000000000000000000000000000000000000000000000000000000000000000000000000000000000000000000                          0000000000                                                                  000024
1021903727600017200000260206200016896                         00000000400285118960000000000000000000000000060208092126/400285100000000400285118960110921000000000800023704159  000000000008200000000000000000000000000000000000000000000000000000000000000000000000000000000000000000000000000000000                          0000000000                                                                  000025
1021903727600017200000260206200016896                         00000000400323596227000000000000000000000000060208092126/400323500000000400323596227110921000000002600023704159  000000000008200000000000000000000000000000000000000000000000000000000000000000000000000000000000000000000000000000000                          0000000000                                                                  000026
1021903727600017200000260206200016896                         00000000400334860090000000000000000000000000060208092126/400334800000000400334860090110921000000003500023704143  000000000008200000000000000000000000000000000000000000000000000000000000000000000000000000000000000000000000000000000                          0000000000                                                                  000027
1021903727600017200000260206200016896                         00000000400340827291000000000000000000000000060208092126/400340800000000400340827291110921000000000800023704159  000000000008200000000000000000000000000000000000000000000000000000000000000000000000000000000000000000000000000000000                          0000000000                                                                  000028
1021903727600017200000260206200016896                         00000000400345505225000000000000000000000000060208092126/400345500000000400345505225110921000000002000023704422  000000000008200000000000000000000000000000000000000000000000000000000000000000000000000000000000000000000000000000000                          7600000000                                                                  000029
1021903727600017200000260206200016896                         00000000400351658009000000000000000000000000060208092126/400351600000000400351658009110921000000099000023704151  000000000008200000000000000000000000000000000000000000000000000000000000000000000000000000000000000000000000000000000                          7600000000                                                                  000030
1021903727600017200000260206200016896                         00000000400363363233000000000000000000000000060208092126/400363300000000400363363233110921000000001010023700140  000000000008200000000000000000000000000000000000000000000000000000000000000000000000000000000000000000000000000000000                          0000000000                                                                  000031
1021903727600017200000260206200016896                         0000000040036339371P000000000000000000000000060208092126/40036330000000040036339371P110921000000020000023704159  000000000008200000000000000000000000000000000000000000000000000000000000000000000000000000000000000000000000000000000                          0000000000                                                                  000032
1021903727600017200000260206200016896                         00000000400373417455000000000000000000000000060208092126/400373400000000400373417455110921000000006100023704159  000000000008200000000000000000000000000000000000000000000000000000000000000000000000000000000000000000000000000000000                          0000000000                                                                  000033
1021903727600017200000260206200016896                         00000000400380967304000000000000000000000000060208092126/400380900000000400380967304110921000000002310023704158  000000000008200000000000000000000000000000000000000000000000000000000000000000000000000000000000000000000000000000000                          0000000000                                                                  000034
1021903727600017200000260206200016896                         00000000400416320973000000000000000000000000060208092126/400416300000000400416320973110921000000000800023704159  000000000008200000000000000000000000000000000000000000000000000000000000000000000000000000000000000000000000000000000                          0000000000                                                                  000035
1021903727600017200000260206200016896                         00000000400430795402000000000000000000000000060208092126/400430700000000400430795402110921000000001200023700320  000000000008200000000000000000000000000000000000000000000000000000000000000000000000000000000000000000000000000000000                          0000000000                                                                  000036
1021903727600017200000260206200016896                         00000000400448062534000000000000000000000000060208092126/400448000000000400448062534110921000000000800023704159  000000000008200000000000000000000000000000000000000000000000000000000000000000000000000000000000000000000000000000000                          0000000000                                                                  000037
1021903727600017200000260206200016896                         00000000400469956306000000000000000000000000060208092126/400469900000000400469956306110921000000000800023704151  000000000008200000000000000000000000000000000000000000000000000000000000000000000000000000000000000000000000000000000                          0000000000                                                                  000038
1021903727600017200000260206200016896                         00000000400480556077000000000000000000000000060208092126/400480500000000400480556077100921000000002800023702062  000000000008200000000000000000000000000000000000000000000000000000000000000000000000000000000000000000000000000000000                          0000000000                                                                  000039
1021903727600017200000260206200016896                         00000000400507111080000000000000000000000000060208092126/400507100000000400507111080110921000000001500023704143  000000000008200000000000000000000000000000000000000000000000000000000000000000000000000000000000000000000000000000000                          0000000000                                                                  000040
1021903727600017200000260206200016896                         00000000400509401523000000000000000000000000060208092126/400509400000000400509401523110921000000000800023704159  000000000008200000000000000000000000000000000000000000000000000000000000000000000000000000000000000000000000000000000                          0000000000                                                                  000041
1021903727600017200000260206200016896                         00000000400530714892000000000000000000000000060208092126/400530700000000400530714892110921000000002000023704426  000000000008200000000000000000000000000000000000000000000000000000000000000000000000000000000000000000000000000000000                          7600000000                                                                  000042
1021903727600017200000260206200016896                         0000000040053535035P000000000000000000000000060208092126/40053530000000040053535035P110921000000005000023704151  000000000008200000000000000000000000000000000000000000000000000000000000000000000000000000000000000000000000000000000                          0000000000                                                                  000043
1021903727600017200000260206200016896                         00000000400561781431000000000000000000000000060208092126/400561700000000400561781431110921000000005000023704422  000000000008200000000000000000000000000000000000000000000000000000000000000000000000000000000000000000000000000000000                          0000000000                                                                  000044
1021903727600017200000260206200016896                         00000000400577390173000000000000000000000000060208092126/400577300000000400577390173110921000000000800023704159  000000000008200000000000000000000000000000000000000000000000000000000000000000000000000000000000000000000000000000000                          0000000000                                                                  000045
1021903727600017200000260206200016896                         00000000400599818711000000000000000000000000060208092126/400599800000000400599818711110921000000001500023700435  000000000008200000000000000000000000000000000000000000000000000000000000000000000000000000000000000000000000000000000                          0000000000                                                                  000046
1021903727600017200000260206200016896                         00000000400641431512000000000000000000000000060208092126/400641400000000400641431512110921000000001500023704602  000000000008200000000000000000000000000000000000000000000000000000000000000000000000000000000000000000000000000000000                          0000000000                                                                  000047
1021903727600017200000260206200016896                         00000000400664260332000000000000000000000000060208092126/400664200000000400664260332110921000000000800023704159  000000000008200000000000000000000000000000000000000000000000000000000000000000000000000000000000000000000000000000000                          0000000000                                                                  000048
1021903727600017200000260206200016896                         00000000400664686593000000000000000000000000060208092126/400664600000000400664686593110921000000000800023704159  000000000008200000000000000000000000000000000000000000000000000000000000000000000000000000000000000000000000000000000                          0000000000                                                                  000049
1021903727600017200000260206200016896                         00000000400668997534000000000000000000000000060208092126/400668900000000400668997534110921000000004000023704152  000000000008200000000000000000000000000000000000000000000000000000000000000000000000000000000000000000000000000000000                          0000000000                                                                  000050
1021903727600017200000260206200016896                         00000000400678671165000000000000000000000000060208092126/400678600000000400678671165110921000000005000023704426  000000000008200000000000000000000000000000000000000000000000000000000000000000000000000000000000000000000000000000000                          0000000000                                                                  000051
1021903727600017200000260206200016896                         0000000040070015644P000000000000000000000000060208092126/40070010000000040070015644P110921000000012000023704452  000000000008200000000000000000000000000000000000000000000000000000000000000000000000000000000000000000000000000000000                          0000000000                                                                  000052
1021903727600017200000260206200016896                         00000000400710942966000000000000000000000000060208092126/400710900000000400710942966110921000000000800023704159  000000000008200000000000000000000000000000000000000000000000000000000000000000000000000000000000000000000000000000000                          0000000000                                                                  000053
1021903727600017200000260206200016896                         00000000400721842491000000000000000000000000060208092126/400721800000000400721842491110921000000000800023704159  000000000008200000000000000000000000000000000000000000000000000000000000000000000000000000000000000000000000000000000                          0000000000                                                                  000054
1021903727600017200000260206200016896                         00000000400722740668000000000000000000000000060208092126/400722700000000400722740668110921000000005000023704426  000000000008200000000000000000000000000000000000000000000000000000000000000000000000000000000000000000000000000000000                          0000000000                                                                  000055
1021903727600017200000260206200016896                         00000000400747380208000000000000000000000000060208092126/400747300000000400747380208110921000000002500023704424  000000000008200000000000000000000000000000000000000000000000000000000000000000000000000000000000000000000000000000000                          0000000000                                                                  000056
1021903727600017200000260206200016896                         00000000400764638863000000000000000000000000060208092126/400764600000000400764638863100921000000006000023704157  000000000008200000000000000000000000000000000000000000000000000000000000000000000000000000000000000000000000000000000                          0000000000                                                                  000057
1021903727600017200000260206200016896                         00000000400764934934000000000000000000000000060208092126/400764900000000400764934934110921000000001400023704158  000000000008200000000000000000000000000000000000000000000000000000000000000000000000000000000000000000000000000000000                          0000000000                                                                  000058
1021903727600017200000260206200016896                         00000000400787613191000000000000000000000000060208092126/400787600000000400787613191100921000000002920023704452  000000000008200000000000000000000000000000000000000000000000000000000000000000000000000000000000000000000000000000000                          7600000000                                                                  000059
1021903727600017200000260206200016896                         00000000400799725270000000000000000000000000060208092126/400799700000000400799725270100921000000010000023700140  000000000008200000000000000000000000000000000000000000000000000000000000000000000000000000000000000000000000000000000                          0000000000                                                                  000060
1021903727600017200000260206200016896                         00000000400823218679000000000000000000000000060208092126/400823200000000400823218679110921000000004000023700321  000000000008200000000000000000000000000000000000000000000000000000000000000000000000000000000000000000000000000000000                          0000000000                                                                  000061
1021903727600017200000260206200016896                         00000000400851451427000000000000000000000000060208092126/400851400000000400851451427110921000000002150023704452  000000000000000000000000000000000000000000000000000000000000000000000000000000000000000000000000000000000000000000000                          7600000000                                                                  000062
1021903727600017200000260206200016896                         00000000400862642011000000000000000000000000060208092126/400862600000000400862642011110921000000003000023704143  000000000008200000000000000000000000000000000000000000000000000000000000000000000000000000000000000000000000000000000                          0000000000                                                                  000063
1021903727600017200000260206200016896                         00000000400884006941000000000000000000000000060208092126/400884000000000400884006941110921000000005400023704159  000000000008200000000000000000000000000000000000000000000000000000000000000000000000000000000000000000000000000000000                          0000000000                                                                  000064
1021903727600017200000260206200016896                         00000000400887256000000000000000000000000000060208092126/400887200000000400887256000110921000000000800023704143  000000000008200000000000000000000000000000000000000000000000000000000000000000000000000000000000000000000000000000000                          0000000000                                                                  000065
1021903727600017200000260206200016896                         00000000400907564432000000000000000000000000060208092126/400907500000000400907564432110921000000011480023700321  000000000008200000000000000000000000000000000000000000000000000000000000000000000000000000000000000000000000000000000                          0000000000                                                                  000066
1021903727600017200000260206200016896                         00000000400911474200000000000000000000000000060208092126/400911400000000400911474200110921000000000800023702062  000000000008200000000000000000000000000000000000000000000000000000000000000000000000000000000000000000000000000000000                          0000000000                                                                  000067
1021903727600017200000260206200016896                         00000000400921651348000000000000000000000000060208092126/400921600000000400921651348110921000000012000023700320  000000000008200000000000000000000000000000000000000000000000000000000000000000000000000000000000000000000000000000000                          0000000000                                                                  000068
1021903727600017200000260206200016896                         00000000400922164467000000000000000000000000060208092126/400922100000000400922164467110921000000000820023702062  000000000008200000000000000000000000000000000000000000000000000000000000000000000000000000000000000000000000000000000                          0000000000                                                                  000069
1021903727600017200000260206200016896                         00000000400927304844000000000000000000000000060208092126/400927300000000400927304844110921000000005000023704159  000000000008200000000000000000000000000000000000000000000000000000000000000000000000000000000000000000000000000000000                          0000000000                                                                  000070
1021903727600017200000260206200016896                         00000000400936889359000000000000000000000000060208092126/400936800000000400936889359110921000000004000023704143  000000000008200000000000000000000000000000000000000000000000000000000000000000000000000000000000000000000000000000000                          7600000000                                                                  000071
1021903727600017200000260206200016896                         00000000400940373634000000000000000000000000060208092126/400940300000000400940373634110921000000010000023704452  000000000008200000000000000000000000000000000000000000000000000000000000000000000000000000000000000000000000000000000                          0000000000                                                                  000072
1021903727600017200000260206200016896                         00000000400940798392000000000000000000000000060208092126/400940700000000400940798392110921000000000810023702062  000000000008200000000000000000000000000000000000000000000000000000000000000000000000000000000000000000000000000000000                          0000000000                                                                  000073
1021903727600017200000260206200016896                         00000000400954628864000000000000000000000000060208092126/400954600000000400954628864110921000000000800023704159  000000000008200000000000000000000000000000000000000000000000000000000000000000000000000000000000000000000000000000000                          0000000000                                                                  000074
1021903727600017200000260206200016896                         00000000400960668088000000000000000000000000060208092126/400960600000000400960668088110921000000014500023702062  000000000008200000000000000000000000000000000000000000000000000000000000000000000000000000000000000000000000000000000                          0000000000                                                                  000075
1021903727600017200000260206200016896                         00000000400962226279000000000000000000000000060208092126/400962200000000400962226279110921000000008000023704452  000000000008200000000000000000000000000000000000000000000000000000000000000000000000000000000000000000000000000000000                          0000000000                                                                  000076
1021903727600017200000260206200016896                         00000000400966322671000000000000000000000000060208092126/400966300000000400966322671110921000000000800023704159  000000000008200000000000000000000000000000000000000000000000000000000000000000000000000000000000000000000000000000000                          0000000000                                                                  000077
1021903727600017200000260206200016896                         00000000400971642765000000000000000000000000060208092126/400971600000000400971642765110921000000000800023704159  000000000008200000000000000000000000000000000000000000000000000000000000000000000000000000000000000000000000000000000                          0000000000                                                                  000078
1021903727600017200000260206200016896                         0000000040097361162P000000000000000000000000060208092126/40097360000000040097361162P110921000000012000023700153  000000000008200000000000000000000000000000000000000000000000000000000000000000000000000000000000000000000000000000000                          0000000000                                                                  000079
1021903727600017200000260206200016896                         00000000600203022196000000000000000000000000060208092126/600203000000000600203022196110921000000003000023704152  000000000008200000000000000000000000000000000000000000000000000000000000000000000000000000000000000000000000000000000                          0000000000                                                                  000080
1021903727600017200000260206200016896                         00000000600360675071000000000000000000000000060208092126/600360600000000600360675071100921000000000269923704151  000000000008200000000000000000000000000000000000000000000000000000000000000000000000000000000000000000000000000000000                          0000000000                                                                  000081
1021903727600017200000260206200016896                         0000000060038900267P000000000000000000000000060208092126/60038900000000060038900267P100921000000000269923704154  000000000008200000000000000000000000000000000000000000000000000000000000000000000000000000000000000000000000000000000                          0000000000                                                                  000082
1021903727600017200000260206200016896                         00000000600451810168000000000000000000000000060208092126/600451800000000600451810168110921000000001500023704422  000000000008200000000000000000000000000000000000000000000000000000000000000000000000000000000000000000000000000000000                          0000000000                                                                  000083
1021903727600017200000260206200016896                         00000000600477759942000000000000000000000000060208092126/600477700000000600477759942110921000000001370023704159  000000000008200000000000000000000000000000000000000000000000000000000000000000000000000000000000000000000000000000000                          0000000000                                                                  000084
1021903727600017200000260206200016896                         00000000100031279170000000000000000000000000060608092126/100031200000000100031279170070921000000000055800104302  000000000000000000000000000000000000000000000000000000000000000000000000000000000000000055800000000000000000000000000   090921             00000000000000                                                                  000085
1021903727600017200000260206200016896                         0000000010003131653P000000000000000000000000060608092126/10003130000000010003131653P080921000000012992110404752  000000000000000000000000000000000000000000000000000000000000000000000000000000000000012992100000000000000000000000000   090921             00000000000000                                                                  000086
1021903727600017200000260206200016896                         00000000200026301987000000000000000000000000060608092126/200026300000000200026301987100921000000000190463300001  000000000000000000000000000000000000000000000000000000000000000000000000000000000000000190400000000000000000000000000   090921             00000000000000                                                                  000087
1021903727600017200000260206200016896                         00000000200491746898000000000000000000000000060608092126/200491700000000200491746898110921000000000219021200001  000000000000000000000000000000000000000000000000000000000000000000000000000000000000000219000000000000000000000000000   090921             00000000000000                                                                  000088
1021903727600017200000260206200016896                         00000000200619236278000000000000000000000000060608092126/200619200000000200619236278100921000000000269910403880  000000000000000000000000000000000000000000000000000000000000000000000000000000000000000269900000000000000000000000000   090921             00000000000000                                                                  000089
1021903727600017200000260206200016896                         00000000200735044726000000000000000000000000060608092126/200735000000000200735044726100921000000001000003300355  000000000000000000000000000000000000000000000000000000000000000000000000000000000000001000000000000000000000000000000   090921             00000000000000                                                                  000090
1021903727600017200000260206200016896                         00000000200746599142000000000000000000000000060608092126/200746500000000200746599142100921000000006000021200001  000000000000000000000000000000000000000000000000000000000000000000000000000000000000006000000000000000000000000000000   090921             00000000000000                                                                  000091
1021903727600017200000260206200016896                         00000000200853601869000000000000000000000000060608092126/200853600000000200853601869090921000000000623007000027  000000000000000000000000000000000000000000000000000000000000000000000000000000000000000623000000000000000000000000000   090921             00000000000000                                                                  000092
1021903727600017200000260206200016896                         00000000400016262362000000000000000000000000060608092126/400016200000000400016262362110921000000003000023703288  000000000000000000000000000000000000000000000000000000000000000000000000000000000000003000000000000000000000000000000   090921             00000000000000                                                                  000093
1021903727600017200000260206200016896                         00000000400065781626000000000000000000000000060608092126/400065700000000400065781626110921000000001700023702151  000000000000000000000000000000000000000000000000000000000000000000000000000000000000001700000000000000000000000000000   090921             00000000000000                                                                  000094
1021903727600017200000260206200016896                         00000000400103819179000000000000000000000000060608092126/400103800000000400103819179110921000000000800065500001  000000000000000000000000000000000000000000000000000000000000000000000000000000000000000800000000000000000000000000000   090921             00000000000000                                                                  000095
1021903727600017200000260206200016896                         00000000400134843736000000000000000000000000060608092126/400134800000000400134843736110921000000001680007000264  000000000000000000000000000000000000000000000000000000000000000000000000000000000000001680000000000000000000000000000   090921             00000000000000                                                                  000096
1021903727600017200000260206200016896                         00000000400143978091000000000000000000000000060608092126/400143900000000400143978091110921000000003400023706964  000000000000000000000000000000000000000000000000000000000000000000000000000000000000003400000000000000000000000000000   090921             00000000000000                                                                  000097
1021903727600017200000260206200016896                         00000000400170009106000000000000000000000000060608092126/400170000000000400170009106100921000000005000008501075  000000000000000000000000000000000000000000000000000000000000000000000000000000000000005000000000000000000000000000000   090921             00000000000000                                                                  000098
1021903727600017200000260206200016896                         00000000400186058506000000000000000000000000060608092126/400186000000000400186058506110921000000000800065500001  000000000000000000000000000000000000000000000000000000000000000000000000000000000000000800000000000000000000000000000   090921             00000000000000                                                                  000099
1021903727600017200000260206200016896                         00000000400195212143000000000000000000000000060608092126/400195200000000400195212143110921000000001150010401559  000000000000000000000000000000000000000000000000000000000000000000000000000000000000001150000000000000000000000000000   090921             00000000000000                                                                  000100
1021903727600017200000260206200016896                         00000000400208015954000000000000000000000000060608092126/400208000000000400208015954110921000000003500010400041  000000000000000000000000000000000000000000000000000000000000000000000000000000000000003500000000000000000000000000000   090921             00000000000000                                                                  000101
1021903727600017200000260206200016896                         00000000400233363541000000000000000000000000060608092126/400233300000000400233363541110921000000002500010403880  000000000000000000000000000000000000000000000000000000000000000000000000000000000000002500000000000000000000000000000   090921             00000000000000                                                                  000102
1021903727600017200000260206200016896                         00000000400254026960000000000000000000000000060608092126/400254000000000400254026960110921000000005000010400570  000000000000000000000000000000000000000000000000000000000000000000000000000000000000005000000000000000000000000000000   090921             00000000000000                                                                  000103
1021903727600017200000260206200016896                         00000000400285118960000000000000000000000000060608092126/400285100000000400285118960110921000000000800065500001  000000000000000000000000000000000000000000000000000000000000000000000000000000000000000800000000000000000000000000000   090921             00000000000000                                                                  000104
1021903727600017200000260206200016896                         00000000400303723486000000000000000000000000060608092126/400303700000000400303723486090921000000001280075604327  000000000000000000000000000000000000000000000000000000000000000000000000000000000000001280000000000000000000000000000   090921             00000000000000                                                                  000105
1021903727600017200000260206200016896                         00000000400323596227000000000000000000000000060608092126/400323500000000400323596227110921000000002600010403250  000000000000000000000000000000000000000000000000000000000000000000000000000000000000002600000000000000000000000000000   090921             00000000000000                                                                  000106
1021903727600017200000260206200016896                         00000000400334860090000000000000000000000000060608092126/400334800000000400334860090110921000000003500010404692  000000000000000000000000000000000000000000000000000000000000000000000000000000000000003500000000000000000000000000000   090921             00000000000000                                                                  000107
1021903727600017200000260206200016896                         00000000400340827291000000000000000000000000060608092126/400340800000000400340827291110921000000000800065500001  000000000000000000000000000000000000000000000000000000000000000000000000000000000000000800000000000000000000000000000   090921             00000000000000                                                                  000108
1021903727600017200000260206200016896                         00000000400351658009000000000000000000000000060608092126/400351600000000400351658009110921000000099000063300001  000000000000000000000000000000000000000000000000000000000000000000000000000000000000099000000000000000000000000000000   090921             00000000000000                                                                  000109
1021903727600017200000260206200016896                         00000000400363363233000000000000000000000000060608092126/400363300000000400363363233110921000000001010021200001  000000000000000000000000000000000000000000000000000000000000000000000000000000000000001010000000000000000000000000000   090921             00000000000000                                                                  000110
1021903727600017200000260206200016896                         0000000040036339371P000000000000000000000000060608092126/40036330000000040036339371P110921000000020000010401580  000000000000000000000000000000000000000000000000000000000000000000000000000000000000020000000000000000000000000000000   090921             00000000000000                                                                  000111
1021903727600017200000260206200016896                         00000000400373417455000000000000000000000000060608092126/400373400000000400373417455110921000000006100075604327  000000000000000000000000000000000000000000000000000000000000000000000000000000000000006100000000000000000000000000000   090921             00000000000000                                                                  000112
1021903727600017200000260206200016896                         00000000400380967304000000000000000000000000060608092126/400380900000000400380967304110921000000002310000102020  000000000000000000000000000000000000000000000000000000000000000000000000000000000000002310000000000000000000000000000   090921             00000000000000                                                                  000113
1021903727600017200000260206200016896                         00000000400416320973000000000000000000000000060608092126/400416300000000400416320973110921000000000800065500001  000000000000000000000000000000000000000000000000000000000000000000000000000000000000000800000000000000000000000000000   090921             00000000000000                                                                  000114
1021903727600017200000260206200016896                         00000000400430795402000000000000000000000000060608092126/400430700000000400430795402110921000000001200065500001  000000000000000000000000000000000000000000000000000000000000000000000000000000000000001200000000000000000000000000000   090921             00000000000000                                                                  000115
1021903727600017200000260206200016896                         00000000400448062534000000000000000000000000060608092126/400448000000000400448062534110921000000000800065500001  000000000000000000000000000000000000000000000000000000000000000000000000000000000000000800000000000000000000000000000   090921             00000000000000                                                                  000116
1021903727600017200000260206200016896                         00000000400469956306000000000000000000000000060608092126/400469900000000400469956306110921000000000800033600001  000000000000000000000000000000000000000000000000000000000000000000000000000000000000000800000000000000000000000000000   090921             00000000000000                                                                  000117
1021903727600017200000260206200016896                         00000000400480556077000000000000000000000000060608092126/400480500000000400480556077100921000000002800074805187  000000000000000000000000000000000000000000000000000000000000000000000000000000000000002800000000000000000000000000000   090921             00000000000000                                                                  000118
1021903727600017200000260206200016896                         00000000400507111080000000000000000000000000060608092126/400507100000000400507111080110921000000001500023702835  000000000000000000000000000000000000000000000000000000000000000000000000000000000000001500000000000000000000000000000   090921             00000000000000                                                                  000119
1021903727600017200000260206200016896                         00000000400509401523000000000000000000000000060608092126/400509400000000400509401523110921000000000800065500001  000000000000000000000000000000000000000000000000000000000000000000000000000000000000000800000000000000000000000000000   090921             00000000000000                                                                  000120
1021903727600017200000260206200016896                         00000000400530714892000000000000000000000000060608092126/400530700000000400530714892110921000000002000063300001  000000000000000000000000000000000000000000000000000000000000000000000000000000000000002000000000000000000000000000000   090921             00000000000000                                                                  000121
1021903727600017200000260206200016896                         00000000400561781431000000000000000000000000060608092126/400561700000000400561781431110921000000005000023703052  000000000000000000000000000000000000000000000000000000000000000000000000000000000000005000000000000000000000000000000   090921             00000000000000                                                                  000122
1021903727600017200000260206200016896                         00000000400577390173000000000000000000000000060608092126/400577300000000400577390173110921000000000800065500001  000000000000000000000000000000000000000000000000000000000000000000000000000000000000000800000000000000000000000000000   090921             00000000000000                                                                  000123
1021903727600017200000260206200016896                         00000000400599818711000000000000000000000000060608092126/400599800000000400599818711110921000000001500010402221  000000000000000000000000000000000000000000000000000000000000000000000000000000000000001500000000000000000000000000000   090921             00000000000000                                                                  000124
1021903727600017200000260206200016896                         00000000400641431512000000000000000000000000060608092126/400641400000000400641431512110921000000001500010403880  000000000000000000000000000000000000000000000000000000000000000000000000000000000000001500000000000000000000000000000   090921             00000000000000                                                                  000125
1021903727600017200000260206200016896                         00000000400664260332000000000000000000000000060608092126/400664200000000400664260332110921000000000800065500001  000000000000000000000000000000000000000000000000000000000000000000000000000000000000000800000000000000000000000000000   090921             00000000000000                                                                  000126
1021903727600017200000260206200016896                         00000000400664686593000000000000000000000000060608092126/400664600000000400664686593110921000000000800065500001  000000000000000000000000000000000000000000000000000000000000000000000000000000000000000800000000000000000000000000000   090921             00000000000000                                                                  000127
1021903727600017200000260206200016896                         00000000400668997534000000000000000000000000060608092126/400668900000000400668997534110921000000004000023701931  000000000000000000000000000000000000000000000000000000000000000000000000000000000000004000000000000000000000000000000   090921             00000000000000                                                                  000128
1021903727600017200000260206200016896                         00000000400678671165000000000000000000000000060608092126/400678600000000400678671165110921000000005000004100377  000000000000000000000000000000000000000000000000000000000000000000000000000000000000005000000000000000000000000000000   090921             00000000000000                                                                  000129
1021903727600017200000260206200016896                         00000000400710942966000000000000000000000000060608092126/400710900000000400710942966110921000000000800065500001  000000000000000000000000000000000000000000000000000000000000000000000000000000000000000800000000000000000000000000000   090921             00000000000000                                                                  000130
1021903727600017200000260206200016896                         00000000400721842491000000000000000000000000060608092126/400721800000000400721842491110921000000000800065500001  000000000000000000000000000000000000000000000000000000000000000000000000000000000000000800000000000000000000000000000   090921             00000000000000                                                                  000131
1021903727600017200000260206200016896                         00000000400722740668000000000000000000000000060608092126/400722700000000400722740668110921000000005000074801260  000000000000000000000000000000000000000000000000000000000000000000000000000000000000005000000000000000000000000000000   090921             00000000000000                                                                  000132
1021903727600017200000260206200016896                         00000000400747380208000000000000000000000000060608092126/400747300000000400747380208110921000000002500010403880  000000000000000000000000000000000000000000000000000000000000000000000000000000000000002500000000000000000000000000000   090921             00000000000000                                                                  000133
1021903727600017200000260206200016896                         00000000400787613191000000000000000000000000060608092126/400787600000000400787613191100921000000002920075604327  000000000000000000000000000000000000000000000000000000000000000000000000000000000000002920000000000000000000000000000   090921             00000000000000                                                                  000134
1021903727600017200000260206200016896                         00000000400799725270000000000000000000000000060608092126/400799700000000400799725270100921000000010000010400795  000000000000000000000000000000000000000000000000000000000000000000000000000000000000010000000000000000000000000000000   090921             00000000000000                                                                  000135
1021903727600017200000260206200016896                         00000000400823218679000000000000000000000000060608092126/400823200000000400823218679110921000000004000010401859  000000000000000000000000000000000000000000000000000000000000000000000000000000000000004000000000000000000000000000000   090921             00000000000000                                                                  000136
1021903727600017200000260206200016896                         00000000400884006941000000000000000000000000060608092126/400884000000000400884006941110921000000005400007700001  000000000000000000000000000000000000000000000000000000000000000000000000000000000000005400000000000000000000000000000   090921             00000000000000                                                                  000137
1021903727600017200000260206200016896                         00000000400907564432000000000000000000000000060608092126/400907500000000400907564432110921000000011480000100128  000000000000000000000000000000000000000000000000000000000000000000000000000000000000011480000000000000000000000000000   090921             00000000000000                                                                  000138
1021903727600017200000260206200016896                         00000000400911474200000000000000000000000000060608092126/400911400000000400911474200110921000000000800075604327  000000000000000000000000000000000000000000000000000000000000000000000000000000000000000800000000000000000000000000000   090921             00000000000000                                                                  000139
1021903727600017200000260206200016896                         00000000400922164467000000000000000000000000060608092126/400922100000000400922164467110921000000000820075604327  000000000000000000000000000000000000000000000000000000000000000000000000000000000000000820000000000000000000000000000   090921             00000000000000                                                                  000140
1021903727600017200000260206200016896                         00000000400927304844000000000000000000000000060608092126/400927300000000400927304844110921000000005000000100922  000000000000000000000000000000000000000000000000000000000000000000000000000000000000005000000000000000000000000000000   090921             00000000000000                                                                  000141
1021903727600017200000260206200016896                         00000000400936889359000000000000000000000000060608092126/400936800000000400936889359110921000000004000075601619  000000000000000000000000000000000000000000000000000000000000000000000000000000000000004000000000000000000000000000000   090921             00000000000000                                                                  000142
1021903727600017200000260206200016896                         00000000400940373634000000000000000000000000060608092126/400940300000000400940373634110921000000010000065500001  000000000000000000000000000000000000000000000000000000000000000000000000000000000000010000000000000000000000000000000   090921             00000000000000                                                                  000143
1021903727600017200000260206200016896                         00000000400940798392000000000000000000000000060608092126/400940700000000400940798392110921000000000810075604327  000000000000000000000000000000000000000000000000000000000000000000000000000000000000000810000000000000000000000000000   090921             00000000000000                                                                  000144
1021903727600017200000260206200016896                         00000000400954628864000000000000000000000000060608092126/400954600000000400954628864110921000000000800065500001  000000000000000000000000000000000000000000000000000000000000000000000000000000000000000800000000000000000000000000000   090921             00000000000000                                                                  000145
1021903727600017200000260206200016896                         00000000400960668088000000000000000000000000060608092126/400960600000000400960668088110921000000014500010402778  000000000000000000000000000000000000000000000000000000000000000000000000000000000000014500000000000000000000000000000   090921             00000000000000                                                                  000146
1021903727600017200000260206200016896                         00000000400962226279000000000000000000000000060608092126/400962200000000400962226279110921000000008000010401469  000000000000000000000000000000000000000000000000000000000000000000000000000000000000008000000000000000000000000000000   090921             00000000000000                                                                  000147
1021903727600017200000260206200016896                         00000000400966322671000000000000000000000000060608092126/400966300000000400966322671110921000000000800065500001  000000000000000000000000000000000000000000000000000000000000000000000000000000000000000800000000000000000000000000000   090921             00000000000000                                                                  000148
1021903727600017200000260206200016896                         00000000400971642765000000000000000000000000060608092126/400971600000000400971642765110921000000000800065500001  000000000000000000000000000000000000000000000000000000000000000000000000000000000000000800000000000000000000000000000   090921             00000000000000                                                                  000149
1021903727600017200000260206200016896                         0000000040097361162P000000000000000000000000060608092126/40097360000000040097361162P110921000000012000010401825  000000000000000000000000000000000000000000000000000000000000000000000000000000000000012000000000000000000000000000000   090921             00000000000000                                                                  000150
1021903727600017200000260206200016896                         00000000600203022196000000000000000000000000060608092126/600203000000000600203022196110921000000003000010402871  000000000000000000000000000000000000000000000000000000000000000000000000000000000000003000000000000000000000000000000   090921             00000000000000                                                                  000151
1021903727600017200000260206200016896                         0000000060038900267P000000000000000000000000060608092126/60038900000000060038900267P100921000000000269910400717  000000000000000000000000000000000000000000000000000000000000000000000000000000000000000269900000000000000000000000000   090921             00000000000000                                                                  000152
1021903727600017200000260206200016896                         00000000600451810168000000000000000000000000060608092126/600451800000000600451810168110921000000001500010403003  000000000000000000000000000000000000000000000000000000000000000000000000000000000000001500000000000000000000000000000   090921             00000000000000                                                                  000153
1021903727600017200000260206200016896                         00000000600477759942000000000000000000000000060608092126/600477700000000600477759942110921000000001370021200001  000000000000000000000000000000000000000000000000000000000000000000000000000000000000001370000000000000000000000000000   090921             00000000000000                                                                  000154
1021903727600017200000260206200016896                         00000000200260899551000000000000000000000000061008092126/200260800000000200260899551090721000000000610023700000  000000000000000000000000000000000000000000000000000000000000000000000000000000000000000000000000000000000000000000000                          1600000000                                                                  000155
1021903727600017200000260206200016896                         00000000200284418325000000000000000000000000061008092126/200284400000000200284418325090721000000000416223700000  000000000000000000000000000000000000000000000000000000000000000000000000000000000000000000000000000000000000000000000                          1600000000                                                                  000156
1021903727600017200000260206200016896                         00000000200323670355000000000000000000000000061008092126/200323600000000200323670355080721000000001061523700000  000000000000000000000000000000000000000000000000000000000000000000000000000000000000000000000000000000000000000000000                          1600000000                                                                  000157
1021903727600017200000260206200016896                         00000000200398774865000000000000000000000000061008092126/200398700000000200398774865080721000000000909323700000  000000000000000000000000000000000000000000000000000000000000000000000000000000000000000000000000000000000000000000000                          1600000000                                                                  000158
1021903727600017200000260206200016896                         00000000200514410981000000000000000000000000061008092126/200514400000000200514410981080721000000000269923700000  000000000000000000000000000000000000000000000000000000000000000000000000000000000000000000000000000000000000000000000                          1600000000                                                                  000159
1021903727600017200000260206200016896                         00000000200565694143000000000000000000000000061008092126/200565600000000200565694143090721000000000915323700000  000000000000000000000000000000000000000000000000000000000000000000000000000000000000000000000000000000000000000000000                          1600000000                                                                  000160
1021903727600017200000260206200016896                         00000000200886927808000000000000000000000000061008092126/200886900000000200886927808090721000000001372623700000  000000000000000000000000000000000000000000000000000000000000000000000000000000000000000000000000000000000000000000000                          1600000000                                                                  000161
1021903727600017200000260206200016896                         00000000200957571465000000000000000000000000061008092126/200957500000000200957571465080721000000000373223700000  000000000000000000000000000000000000000000000000000000000000000000000000000000000000000000000000000000000000000000000                          1600000000                                                                  000162
1021903727600017200000260206200016896                         00000000200988177706000000000000000000000000061008092126/200988100000000200988177706090721000000000610023700000  000000000000000000000000000000000000000000000000000000000000000000000000000000000000000000000000000000000000000000000                          1600000000                                                                  000163
1021903727600017200000260206200016896                         00000000200992902466000000000000000000000000061008092126/200992900000000200992902466090721000000000416223700000  000000000000000000000000000000000000000000000000000000000000000000000000000000000000000000000000000000000000000000000                          1600000000                                                                  000164
1021903727600017200000260206200016896                         00000000400172792428000000000000000000000000061008092126/400172700000000400172792428080721000000003000023700000  000000000000000000000000000000000000000000000000000000000000000000000000000000000000000000000000000000000000000000000                          1600000000                                                                  000165
1021903727600017200000260206200016896                         00000000400263429008000000000000000000000000061008092126/400263400000000400263429008090721000000000800023700000  000000000000000000000000000000000000000000000000000000000000000000000000000000000000000000000000000000000000000000000                          1600000000                                                                  000166
1021903727600017200000260206200016896                         00000000400474200643000000000000000000000000061008092126/400474200000000400474200643080721000000003000023700000  000000000000000000000000000000000000000000000000000000000000000000000000000000000000000000000000000000000000000000000                          1600000000                                                                  000167
1021903727600017200000260206200016896                         00000000400662257660000000000000000000000000061008092126/400662200000000400662257660080721000000003000023700000  000000000000000000000000000000000000000000000000000000000000000000000000000000000000000000000000000000000000000000000                          1600000000                                                                  000168
1021903727600017200000260206200016896                         00000000400830767483000000000000000000000000061008092126/400830700000000400830767483080721000000012000023700000  000000000000000000000000000000000000000000000000000000000000000000000000000000000000000000000000000000000000000000000                          1600000000                                                                  000169
1021903727600017200000260206200016896                         00000000400890161401000000000000000000000000061008092126/400890100000000400890161401090721000000000800023700000  000000000000000000000000000000000000000000000000000000000000000000000000000000000000000000000000000000000000000000000                          1600000000                                                                  000170
1021903727600017200000260206200016896                         0000000060031546082P000000000000000000000000061008092126/60031540000000060031546082P080721000000001900023700000  000000000000000000000000000000000000000000000000000000000000000000000000000000000000000000000000000000000000000000000                          1600000000                                                                  000171
1021903727600017200000260206200016896                         00000000600577338510000000000000000000000000061008092126/600577300000000600577338510080721000000001900023700000  000000000000000000000000000000000000000000000000000000000000000000000000000000000000000000000000000000000000000000000                          1600000000                                                                  000172
9201237          000007420000001716680900000762          00083000003733071000003247501000700000032475010001800000033354200000000000000000000000000000000000000000000000000000000000000000000                                                                                                                                                                              00000000000000000000000         000173
