02RETORNO01COBRANCA       00000000000005034448E-PREPAG ADMINISTRADORA DE CAR237BRADESCO       0807220160000000970                                                                                                                                                                                                                                                                          110722         000001
1021903727600017200000260206200016896                         00000000200301051732000000000000000000000000060208072226/200301000000000200301051732110722000000000469923704400  000000000008200000000000000000000000000000000000000000000000000000000000000000000000000000000000000000000000000000000                          0000000000                                                                  000002
1021903727600017200000260206200016896                         00000000200860995260000000000000000000000000060208072226/200860900000000200860995260110722000000001548023704151  000000000008200000000000000000000000000000000000000000000000000000000000000000000000000000000000000000000000000000000                          0000000000                                                                  000003
1021903727600017200000260206200016896                         00000000400144374955000000000000000000000000060208072226/400144300000000400144374955110722000000000800023704158  000000000008200000000000000000000000000000000000000000000000000000000000000000000000000000000000000000000000000000000                          0000000000                                                                  000004
1021903727600017200000260206200016896                         00000000400277041924000000000000000000000000060208072226/400277000000000400277041924110722000000000800023704159  000000000008200000000000000000000000000000000000000000000000000000000000000000000000000000000000000000000000000000000                          0000000000                                                                  000005
1021903727600017200000260206200016896                         00000000400282649728000000000000000000000000060208072226/400282600000000400282649728110722000000000800023704159  000000000008200000000000000000000000000000000000000000000000000000000000000000000000000000000000000000000000000000000                          0000000000                                                                  000006
1021903727600017200000260206200016896                         00000000400345708436000000000000000000000000060208072226/400345700000000400345708436110722000000000800023704159  000000000008200000000000000000000000000000000000000000000000000000000000000000000000000000000000000000000000000000000                          0000000000                                                                  000007
1021903727600017200000260206200016896                         00000000400396244388000000000000000000000000060208072226/400396200000000400396244388110722000000000800023704159  000000000008200000000000000000000000000000000000000000000000000000000000000000000000000000000000000000000000000000000                          0000000000                                                                  000008
1021903727600017200000260206200016896                         00000000400511672968000000000000000000000000060208072226/400511600000000400511672968110722000000001630023702062  000000000008200000000000000000000000000000000000000000000000000000000000000000000000000000000000000000000000000000000                          0000000000                                                                  000009
1021903727600017200000260206200016896                         00000000400527549163000000000000000000000000060208072226/400527500000000400527549163110722000000000800023704143  000000000008200000000000000000000000000000000000000000000000000000000000000000000000000000000000000000000000000000000                          0000000000                                                                  000010
1021903727600017200000260206200016896                         00000000400547338665000000000000000000000000060208072226/400547300000000400547338665110722000000000800023704159  000000000008200000000000000000000000000000000000000000000000000000000000000000000000000000000000000000000000000000000                          0000000000                                                                  000011
1021903727600017200000260206200016896                         00000000400560398782000000000000000000000000060208072226/400560300000000400560398782110722000000007850023704154  000000000008200000000000000000000000000000000000000000000000000000000000000000000000000000000000000000000000000000000                          0000000000                                                                  000012
1021903727600017200000260206200016896                         00000000400596179033000000000000000000000000060208072226/400596100000000400596179033110722000000000800023704159  000000000008200000000000000000000000000000000000000000000000000000000000000000000000000000000000000000000000000000000                          0000000000                                                                  000013
1021903727600017200000260206200016896                         00000000400598249268000000000000000000000000060208072226/400598200000000400598249268110722000000000800023704159  000000000008200000000000000000000000000000000000000000000000000000000000000000000000000000000000000000000000000000000                          0000000000                                                                  000014
1021903727600017200000260206200016896                         00000000400660904472000000000000000000000000060208072226/400660900000000400660904472110722000000000800023704159  000000000008200000000000000000000000000000000000000000000000000000000000000000000000000000000000000000000000000000000                          0000000000                                                                  000015
1021903727600017200000260206200016896                         00000000400676986983000000000000000000000000060208072226/400676900000000400676986983110722000000000800023704159  000000000008200000000000000000000000000000000000000000000000000000000000000000000000000000000000000000000000000000000                          0000000000                                                                  000016
1021903727600017200000260206200016896                         00000000400696812396000000000000000000000000060208072226/400696800000000400696812396110722000000000800023704159  000000000008200000000000000000000000000000000000000000000000000000000000000000000000000000000000000000000000000000000                          0000000000                                                                  000017
1021903727600017200000260206200016896                         00000000400711730970000000000000000000000000060208072226/400711700000000400711730970110722000000000800023702062  000000000008200000000000000000000000000000000000000000000000000000000000000000000000000000000000000000000000000000000                          0000000000                                                                  000018
1021903727600017200000260206200016896                         0000000040073267647P000000000000000000000000060208072226/40073260000000040073267647P110722000000000800023704159  000000000008200000000000000000000000000000000000000000000000000000000000000000000000000000000000000000000000000000000                          0000000000                                                                  000019
1021903727600017200000260206200016896                         00000000400772936768000000000000000000000000060208072226/400772900000000400772936768110722000000000800023704159  000000000008200000000000000000000000000000000000000000000000000000000000000000000000000000000000000000000000000000000                          0000000000                                                                  000020
1021903727600017200000260206200016896                         00000000400822643295000000000000000000000000060208072226/400822600000000400822643295110722000000004000023700140  000000000008200000000000000000000000000000000000000000000000000000000000000000000000000000000000000000000000000000000                          0000000000                                                                  000021
1021903727600017200000260206200016896                         00000000400842010965000000000000000000000000060208072226/400842000000000400842010965110722000000007000023704159  000000000008200000000000000000000000000000000000000000000000000000000000000000000000000000000000000000000000000000000                          0000000000                                                                  000022
1021903727600017200000260206200016896                         00000000400891046711000000000000000000000000060208072226/400891000000000400891046711110722000000000800023704159  000000000008200000000000000000000000000000000000000000000000000000000000000000000000000000000000000000000000000000000                          0000000000                                                                  000023
1021903727600017200000260206200016896                         00000000400906972421000000000000000000000000060208072226/400906900000000400906972421110722000000000800023704159  000000000008200000000000000000000000000000000000000000000000000000000000000000000000000000000000000000000000000000000                          0000000000                                                                  000024
1021903727600017200000260206200016896                         00000000400917956312000000000000000000000000060208072226/400917900000000400917956312110722000000000800023704159  000000000008200000000000000000000000000000000000000000000000000000000000000000000000000000000000000000000000000000000                          0000000000                                                                  000025
1021903727600017200000260206200016896                         00000000400961919858000000000000000000000000060208072226/400961900000000400961919858110722000000000800023704159  000000000008200000000000000000000000000000000000000000000000000000000000000000000000000000000000000000000000000000000                          0000000000                                                                  000026
1021903727600017200000260206200016896                         00000000600451640890000000000000000000000000060208072226/600451600000000600451640890110722000000000269923704152  000000000008200000000000000000000000000000000000000000000000000000000000000000000000000000000000000000000000000000000                          0000000000                                                                  000027
1021903727600017200000260206200016896                         00000000200301051732000000000000000000000000060608072226/200301000000000200301051732110722000000000469934103767  000000000000000000000000000000000000000000000000000000000000000000000000000000000000000469900000000000000000000000000   110722             00000000000000                                                                  000028
1021903727600017200000260206200016896                         00000000400144374955000000000000000000000000060608072226/400144300000000400144374955110722000000000800075604327  000000000000000000000000000000000000000000000000000000000000000000000000000000000000000800000000000000000000000000000   110722             00000000000000                                                                  000029
1021903727600017200000260206200016896                         00000000400277041924000000000000000000000000060608072226/400277000000000400277041924110722000000000800065500001  000000000000000000000000000000000000000000000000000000000000000000000000000000000000000800000000000000000000000000000   110722             00000000000000                                                                  000030
1021903727600017200000260206200016896                         00000000400282649728000000000000000000000000060608072226/400282600000000400282649728110722000000000800065500001  000000000000000000000000000000000000000000000000000000000000000000000000000000000000000800000000000000000000000000000   110722             00000000000000                                                                  000031
1021903727600017200000260206200016896                         00000000400345708436000000000000000000000000060608072226/400345700000000400345708436110722000000000800065500001  000000000000000000000000000000000000000000000000000000000000000000000000000000000000000800000000000000000000000000000   110722             00000000000000                                                                  000032
1021903727600017200000260206200016896                         00000000400396244388000000000000000000000000060608072226/400396200000000400396244388110722000000000800065500001  000000000000000000000000000000000000000000000000000000000000000000000000000000000000000800000000000000000000000000000   110722             00000000000000                                                                  000033
1021903727600017200000260206200016896                         00000000400432065029000000000000000000000000060608072226/400432000000000400432065029100722000000005000000101292  000000000000000000000000000000000000000000000000000000000000000000000000000000000000005000000000000000000000000000000   110722             00000000000000                                                                  000034
1021903727600017200000260206200016896                         00000000400511672968000000000000000000000000060608072226/400511600000000400511672968110722000000001630010400164  000000000000000000000000000000000000000000000000000000000000000000000000000000000000001630000000000000000000000000000   110722             00000000000000                                                                  000035
1021903727600017200000260206200016896                         00000000400547338665000000000000000000000000060608072226/400547300000000400547338665110722000000000800065500001  000000000000000000000000000000000000000000000000000000000000000000000000000000000000000800000000000000000000000000000   110722             00000000000000                                                                  000036
1021903727600017200000260206200016896                         00000000400560398782000000000000000000000000060608072226/400560300000000400560398782110722000000007850075601369  000000000000000000000000000000000000000000000000000000000000000000000000000000000000007850000000000000000000000000000   110722             00000000000000                                                                  000037
1021903727600017200000260206200016896                         00000000400596179033000000000000000000000000060608072226/400596100000000400596179033110722000000000800065500001  000000000000000000000000000000000000000000000000000000000000000000000000000000000000000800000000000000000000000000000   110722             00000000000000                                                                  000038
1021903727600017200000260206200016896                         00000000400598249268000000000000000000000000060608072226/400598200000000400598249268110722000000000800065500001  000000000000000000000000000000000000000000000000000000000000000000000000000000000000000800000000000000000000000000000   110722             00000000000000                                                                  000039
1021903727600017200000260206200016896                         00000000400660904472000000000000000000000000060608072226/400660900000000400660904472110722000000000800065500001  000000000000000000000000000000000000000000000000000000000000000000000000000000000000000800000000000000000000000000000   110722             00000000000000                                                                  000040
1021903727600017200000260206200016896                         00000000400676986983000000000000000000000000060608072226/400676900000000400676986983110722000000000800065500001  000000000000000000000000000000000000000000000000000000000000000000000000000000000000000800000000000000000000000000000   110722             00000000000000                                                                  000041
1021903727600017200000260206200016896                         0000000040073267647P000000000000000000000000060608072226/40073260000000040073267647P110722000000000800065500001  000000000000000000000000000000000000000000000000000000000000000000000000000000000000000800000000000000000000000000000   110722             00000000000000                                                                  000042
1021903727600017200000260206200016896                         00000000400772936768000000000000000000000000060608072226/400772900000000400772936768110722000000000800065500001  000000000000000000000000000000000000000000000000000000000000000000000000000000000000000800000000000000000000000000000   110722             00000000000000                                                                  000043
1021903727600017200000260206200016896                         00000000400822643295000000000000000000000000060608072226/400822600000000400822643295110722000000004000075604327  000000000000000000000000000000000000000000000000000000000000000000000000000000000000004000000000000000000000000000000   110722             00000000000000                                                                  000044
1021903727600017200000260206200016896                         00000000400842010965000000000000000000000000060608072226/400842000000000400842010965110722000000007000026000001  000000000000000000000000000000000000000000000000000000000000000000000000000000000000007000000000000000000000000000000   110722             00000000000000                                                                  000045
1021903727600017200000260206200016896                         00000000400891046711000000000000000000000000060608072226/400891000000000400891046711110722000000000800065500001  000000000000000000000000000000000000000000000000000000000000000000000000000000000000000800000000000000000000000000000   110722             00000000000000                                                                  000046
1021903727600017200000260206200016896                         00000000400906972421000000000000000000000000060608072226/400906900000000400906972421110722000000000800065500001  000000000000000000000000000000000000000000000000000000000000000000000000000000000000000800000000000000000000000000000   110722             00000000000000                                                                  000047
1021903727600017200000260206200016896                         00000000400917956312000000000000000000000000060608072226/400917900000000400917956312110722000000000800075604327  000000000000000000000000000000000000000000000000000000000000000000000000000000000000000800000000000000000000000000000   110722             00000000000000                                                                  000048
1021903727600017200000260206200016896                         00000000400929920259000000000000000000000000060608072226/400929900000000400929920259100722000000005000065500001  000000000000000000000000000000000000000000000000000000000000000000000000000000000000005000000000000000000000000000000   110722             00000000000000                                                                  000049
1021903727600017200000260206200016896                         00000000400961919858000000000000000000000000060608072226/400961900000000400961919858110722000000000800065500001  000000000000000000000000000000000000000000000000000000000000000000000000000000000000000800000000000000000000000000000   110722             00000000000000                                                                  000050
1021903727600017200000260206200016896                         00000000600451640890000000000000000000000000060608072226/600451600000000600451640890110722000000000269932300001  000000000000000000000000000000000000000000000000000000000000000000000000000000000000000269900000000000000000000000000   110722             00000000000000                                                                  000051
9201237          000001620000000704710200000970          00026000000379678000000440198000240000004401980000000000000000000000000000000000000000000000000000000000000000000000000000000000000                                                                                                                                                                              00000000000000000000000         000052
