02RETORNO01COBRANCA       00000000000005034448E-PREPAG ADMINISTRADORA DE CAR237BRADESCO       0811210160000000803                                                                                                                                                                                                                                                                          091121         000001
1021903727600017200000260206200016896                         00000000100031850013000000000000000000000000060208112126/100031800000000100031850013091121000000006027023704159  000000000008200000000000000000000000000000000000000000000000000000000000000000000000000000000000000000000000000000000                          0000000000                                                                  000002
1021903727600017200000260206200016896                         00000000100031871061000000000000000000000000060208112126/100031800000000100031871061091121000000000225023704144  000000000008200000000000000000000000000000000000000000000000000000000000000000000000000000000000000000000000000000000                          7600000000                                                                  000003
1021903727600017200000260206200016896                         00000000100031898997000000000000000000000000060208112126/100031800000000100031898997091121000000000386023704151  000000000008200000000000000000000000000000000000000000000000000000000000000000000000000000000000000000000000000000000                          0000000000                                                                  000004
1021903727600017200000260206200016896                         00000000100031900789000000000000000000000000060208112126/100031900000000100031900789091121000000025261423704602  000000000008200000000000000000000000000000000000000000000000000000000000000000000000000000000000000000000000000000000                          0000000000                                                                  000005
1021903727600017200000260206200016896                         00000000100031901823000000000000000000000000060208112126/100031900000000100031901823091121000000003126023704151  000000000008200000000000000000000000000000000000000000000000000000000000000000000000000000000000000000000000000000000                          0000000000                                                                  000006
1021903727600017200000260206200016896                         00000000100031905845000000000000000000000000060208112126/100031900000000100031905845091121000000005186823704400  000000000008200000000000000000000000000000000000000000000000000000000000000000000000000000000000000000000000000000000                          0000000000                                                                  000007
1021903727600017200000260206200016896                         00000000200012001263000000000000000000000000060208112126/200012000000000200012001263091121000000000169923700153  000000000008200000000000000000000000000000000000000000000000000000000000000000000000000000000000000000000000000000000                          0000000000                                                                  000008
1021903727600017200000260206200016896                         00000000200165221688000000000000000000000000060208112126/200165200000000200165221688101121000000000710023704151  000000000008200000000000000000000000000000000000000000000000000000000000000000000000000000000000000000000000000000000                          7600000000                                                                  000009
1021903727600017200000260206200016896                         00000000200188165629000000000000000000000000060208112126/200188100000000200188165629111121000000000665123704274  000000000008200000000000000000000000000000000000000000000000000000000000000000000000000000000000000000000000000000000                          0000000000                                                                  000010
1021903727600017200000260206200016896                         00000000200458977760000000000000000000000000060208112126/200458900000000200458977760101121000000000074523704151  000000000008200000000000000000000000000000000000000000000000000000000000000000000000000000000000000000000000000000000                          0000000000                                                                  000011
1021903727600017200000260206200016896                         00000000200541618748000000000000000000000000060208112126/200541600000000200541618748101121000000000450123704152  000000000008200000000000000000000000000000000000000000000000000000000000000000000000000000000000000000000000000000000                          0000000000                                                                  000012
1021903727600017200000260206200016896                         00000000200767501495000000000000000000000000060208112126/200767500000000200767501495101121000000000295123704151  000000000008200000000000000000000000000000000000000000000000000000000000000000000000000000000000000000000000000000000                          0000000000                                                                  000013
1021903727600017200000260206200016896                         00000000200956384882000000000000000000000000060208112126/200956300000000200956384882091121000000000269923704422  000000000008200000000000000000000000000000000000000000000000000000000000000000000000000000000000000000000000000000000                          7600000000                                                                  000014
1021903727600017200000260206200016896                         00000000200959842768000000000000000000000000060208112126/200959800000000200959842768111121000000000710023704159  000000000008200000000000000000000000000000000000000000000000000000000000000000000000000000000000000000000000000000000                          0000000000                                                                  000015
1021903727600017200000260206200016896                         00000000400057025642000000000000000000000000060208112126/400057000000000400057025642111121000000004000023704143  000000000008200000000000000000000000000000000000000000000000000000000000000000000000000000000000000000000000000000000                          0000000000                                                                  000016
1021903727600017200000260206200016896                         00000000400099946330000000000000000000000000060208112126/400099900000000400099946330111121000000001000023700073  000000000008200000000000000000000000000000000000000000000000000000000000000000000000000000000000000000000000000000000                          7600000000                                                                  000017
1021903727600017200000260206200016896                         00000000400113976701000000000000000000000000060208112126/400113900000000400113976701111121000000150000023704428  000000000008200000000000000000000000000000000000000000000000000000000000000000000000000000000000000000000000000000000                          7600000000                                                                  000018
1021903727600017200000260206200016896                         00000000400168025188000000000000000000000000060208112126/400168000000000400168025188111121000000010000023704144  000000000008200000000000000000000000000000000000000000000000000000000000000000000000000000000000000000000000000000000                          0000000000                                                                  000019
1021903727600017200000260206200016896                         00000000400168931707000000000000000000000000060208112126/400168900000000400168931707111121000000002040023704143  000000000008200000000000000000000000000000000000000000000000000000000000000000000000000000000000000000000000000000000                          7600000000                                                                  000020
1021903727600017200000260206200016896                         00000000400173361846000000000000000000000000060208112126/400173300000000400173361846091121000000000800023704151  000000000008200000000000000000000000000000000000000000000000000000000000000000000000000000000000000000000000000000000                          0000000000                                                                  000021
1021903727600017200000260206200016896                         0000000040022559495P000000000000000000000000060208112126/40022550000000040022559495P111121000000099000023704151  000000000008200000000000000000000000000000000000000000000000000000000000000000000000000000000000000000000000000000000                          7600000000                                                                  000022
1021903727600017200000260206200016896                         00000000400228745576000000000000000000000000060208112126/400228700000000400228745576111121000000000800023704422  000000000008200000000000000000000000000000000000000000000000000000000000000000000000000000000000000000000000000000000                          0000000000                                                                  000023
1021903727600017200000260206200016896                         00000000400255359629000000000000000000000000060208112126/400255300000000400255359629111121000000000800023704422  000000000008200000000000000000000000000000000000000000000000000000000000000000000000000000000000000000000000000000000                          0000000000                                                                  000024
1021903727600017200000260206200016896                         00000000400289251630000000000000000000000000060208112126/400289200000000400289251630101121000000000800023700320  000000000008200000000000000000000000000000000000000000000000000000000000000000000000000000000000000000000000000000000                          0000000000                                                                  000025
1021903727600017200000260206200016896                         00000000400298274104000000000000000000000000060208112126/400298200000000400298274104091121000000002500023704422  000000000008200000000000000000000000000000000000000000000000000000000000000000000000000000000000000000000000000000000                          0000000000                                                                  000026
1021903727600017200000260206200016896                         00000000400325991042000000000000000000000000060208112126/400325900000000400325991042111121000000000800023700140  000000000008200000000000000000000000000000000000000000000000000000000000000000000000000000000000000000000000000000000                          0000000000                                                                  000027
1021903727600017200000260206200016896                         00000000400338547877000000000000000000000000060208112126/400338500000000400338547877111121000000000800023704422  000000000008200000000000000000000000000000000000000000000000000000000000000000000000000000000000000000000000000000000                          0000000000                                                                  000028
1021903727600017200000260206200016896                         00000000400356424006000000000000000000000000060208112126/400356400000000400356424006111121000000001920023704400  000000000008200000000000000000000000000000000000000000000000000000000000000000000000000000000000000000000000000000000                          0000000000                                                                  000029
1021903727600017200000260206200016896                         00000000400356748081000000000000000000000000060208112126/400356700000000400356748081091121000000000810023704602  000000000008200000000000000000000000000000000000000000000000000000000000000000000000000000000000000000000000000000000                          7600000000                                                                  000030
1021903727600017200000260206200016896                         00000000400363402239000000000000000000000000060208112126/400363400000000400363402239091121000000004020023704426  000000000008200000000000000000000000000000000000000000000000000000000000000000000000000000000000000000000000000000000                          0000000000                                                                  000031
1021903727600017200000260206200016896                         00000000400440562430000000000000000000000000060208112126/400440500000000400440562430091121000000007150023704154  000000000008200000000000000000000000000000000000000000000000000000000000000000000000000000000000000000000000000000000                          0000000000                                                                  000032
1021903727600017200000260206200016896                         00000000400494796046000000000000000000000000060208112126/400494700000000400494796046111121000000001500023704159  000000000008200000000000000000000000000000000000000000000000000000000000000000000000000000000000000000000000000000000                          0000000000                                                                  000033
1021903727600017200000260206200016896                         0000000040054167681P000000000000000000000000060208112126/40054160000000040054167681P111121000000002650023704154  000000000008200000000000000000000000000000000000000000000000000000000000000000000000000000000000000000000000000000000                          0000000000                                                                  000034
1021903727600017200000260206200016896                         00000000400548985397000000000000000000000000060208112126/400548900000000400548985397111121000000012000023702062  000000000008200000000000000000000000000000000000000000000000000000000000000000000000000000000000000000000000000000000                          0000000000                                                                  000035
1021903727600017200000260206200016896                         00000000400626095972000000000000000000000000060208112126/400626000000000400626095972111121000000004000023704422  000000000008200000000000000000000000000000000000000000000000000000000000000000000000000000000000000000000000000000000                          0000000000                                                                  000036
1021903727600017200000260206200016896                         00000000400685836838000000000000000000000000060208112126/400685800000000400685836838111121000000007500023700140  000000000008200000000000000000000000000000000000000000000000000000000000000000000000000000000000000000000000000000000                          0000000000                                                                  000037
1021903727600017200000260206200016896                         00000000400689345510000000000000000000000000060208112126/400689300000000400689345510091121000000003640023704154  000000000008200000000000000000000000000000000000000000000000000000000000000000000000000000000000000000000000000000000                          0000000000                                                                  000038
1021903727600017200000260206200016896                         00000000400719992257000000000000000000000000060208112126/400719900000000400719992257111121000000005000023704159  000000000008200000000000000000000000000000000000000000000000000000000000000000000000000000000000000000000000000000000                          0000000000                                                                  000039
1021903727600017200000260206200016896                         00000000400737625733000000000000000000000000060208112126/400737600000000400737625733111121000000001640023704158  000000000008200000000000000000000000000000000000000000000000000000000000000000000000000000000000000000000000000000000                          0000000000                                                                  000040
1021903727600017200000260206200016896                         00000000400744501411000000000000000000000000060208112126/400744500000000400744501411111121000000008000023704151  000000000008200000000000000000000000000000000000000000000000000000000000000000000000000000000000000000000000000000000                          0000000000                                                                  000041
1021903727600017200000260206200016896                         00000000400750333601000000000000000000000000060208112126/400750300000000400750333601111121000000012000023700153  000000000008200000000000000000000000000000000000000000000000000000000000000000000000000000000000000000000000000000000                          0000000000                                                                  000042
1021903727600017200000260206200016896                         00000000400818580955000000000000000000000000060208112126/400818500000000400818580955111121000000002000023704143  000000000008200000000000000000000000000000000000000000000000000000000000000000000000000000000000000000000000000000000                          0000000000                                                                  000043
1021903727600017200000260206200016896                         00000000400844861431000000000000000000000000060208112126/400844800000000400844861431111121000000002080023700153  000000000008200000000000000000000000000000000000000000000000000000000000000000000000000000000000000000000000000000000                          0000000000                                                                  000044
1021903727600017200000260206200016896                         00000000400851853436000000000000000000000000060208112126/400851800000000400851853436091121000000001300023704144  000000000008200000000000000000000000000000000000000000000000000000000000000000000000000000000000000000000000000000000                          0000000000                                                                  000045
1021903727600017200000260206200016896                         00000000400879270320000000000000000000000000060208112126/400879200000000400879270320111121000000000800023704422  000000000008200000000000000000000000000000000000000000000000000000000000000000000000000000000000000000000000000000000                          0000000000                                                                  000046
1021903727600017200000260206200016896                         00000000400890473454000000000000000000000000060208112126/400890400000000400890473454111121000000000800023704422  000000000008200000000000000000000000000000000000000000000000000000000000000000000000000000000000000000000000000000000                          0000000000                                                                  000047
1021903727600017200000260206200016896                         00000000400895210958000000000000000000000000060208112126/400895200000000400895210958111121000000009910023704154  000000000008200000000000000000000000000000000000000000000000000000000000000000000000000000000000000000000000000000000                          0000000000                                                                  000048
1021903727600017200000260206200016896                         00000000400922024606000000000000000000000000060208112126/400922000000000400922024606091121000000000800023704602  000000000008200000000000000000000000000000000000000000000000000000000000000000000000000000000000000000000000000000000                          7600000000                                                                  000049
1021903727600017200000260206200016896                         00000000400957230284000000000000000000000000060208112126/400957200000000400957230284111121000000002000023704426  000000000008200000000000000000000000000000000000000000000000000000000000000000000000000000000000000000000000000000000                          0000000000                                                                  000050
1021903727600017200000260206200016896                         00000000400961798384000000000000000000000000060208112126/400961700000000400961798384111121000000001270023700140  000000000008200000000000000000000000000000000000000000000000000000000000000000000000000000000000000000000000000000000                          0000000000                                                                  000051
1021903727600017200000260206200016896                         00000000600211727654000000000000000000000000060208112126/600211700000000600211727654111121000000000069923704152  000000000008200000000000000000000000000000000000000000000000000000000000000000000000000000000000000000000000000000000                          0000000000                                                                  000052
1021903727600017200000260206200016896                         00000000600254680112000000000000000000000000060208112126/600254600000000600254680112101121000000000600023704602  000000000008200000000000000000000000000000000000000000000000000000000000000000000000000000000000000000000000000000000                          0000000000                                                                  000053
1021903727600017200000260206200016896                         0000000060085389239P000000000000000000000000060208112126/60085380000000060085389239P101121000000000319923704151  000000000008200000000000000000000000000000000000000000000000000000000000000000000000000000000000000000000000000000000                          0000000000                                                                  000054
1021903727600017200000260206200016896                         00000000100031898997000000000000000000000000060608112126/100031800000000100031898997091121000000000386026000001  000000000000000000000000000000000000000000000000000000000000000000000000000000000000000386000000000000000000000000000   091121             00000000000000                                                                  000055
1021903727600017200000260206200016896                         00000000100031900789000000000000000000000000060608112126/100031900000000100031900789091121000000025261434106805  000000000000000000000000000000000000000000000000000000000000000000000000000000000000025261400000000000000000000000000   091121             00000000000000                                                                  000056
1021903727600017200000260206200016896                         00000000100031905845000000000000000000000000060608112126/100031900000000100031905845091121000000005186834108570  000000000000000000000000000000000000000000000000000000000000000000000000000000000000005186800000000000000000000000000   091121             00000000000000                                                                  000057
1021903727600017200000260206200016896                         00000000200012001263000000000000000000000000060608112126/200012000000000200012001263091121000000000169900102290  000000000000000000000000000000000000000000000000000000000000000000000000000000000000000169900000000000000000000000000   091121             00000000000000                                                                  000058
1021903727600017200000260206200016896                         00000000200165221688000000000000000000000000060608112126/200165200000000200165221688101121000000000710003303887  000000000000000000000000000000000000000000000000000000000000000000000000000000000000000710000000000000000000000000000   091121             00000000000000                                                                  000059
1021903727600017200000260206200016896                         00000000200458977760000000000000000000000000060608112126/200458900000000200458977760101121000000000074500106872  000000000000000000000000000000000000000000000000000000000000000000000000000000000000000074500000000000000000000000000   091121             00000000000000                                                                  000060
1021903727600017200000260206200016896                         00000000200959842768000000000000000000000000060608112126/200959800000000200959842768111121000000000710063300001  000000000000000000000000000000000000000000000000000000000000000000000000000000000000000710000000000000000000000000000   091121             00000000000000                                                                  000061
1021903727600017200000260206200016896                         00000000400057025642000000000000000000000000060608112126/400057000000000400057025642111121000000004000010400627  000000000000000000000000000000000000000000000000000000000000000000000000000000000000004000000000000000000000000000000   091121             00000000000000                                                                  000062
1021903727600017200000260206200016896                         00000000400099946330000000000000000000000000060608112126/400099900000000400099946330111121000000001000065500001  000000000000000000000000000000000000000000000000000000000000000000000000000000000000001000000000000000000000000000000   091121             00000000000000                                                                  000063
1021903727600017200000260206200016896                         00000000400113976701000000000000000000000000060608112126/400113900000000400113976701111121000000150000000103478  000000000000000000000000000000000000000000000000000000000000000000000000000000000000150000000000000000000000000000000   091121             00000000000000                                                                  000064
1021903727600017200000260206200016896                         00000000400168025188000000000000000000000000060608112126/400168000000000400168025188111121000000010000063300001  000000000000000000000000000000000000000000000000000000000000000000000000000000000000010000000000000000000000000000000   091121             00000000000000                                                                  000065
1021903727600017200000260206200016896                         00000000400168931707000000000000000000000000060608112126/400168900000000400168931707111121000000002040023702151  000000000000000000000000000000000000000000000000000000000000000000000000000000000000002040000000000000000000000000000   091121             00000000000000                                                                  000066
1021903727600017200000260206200016896                         00000000400173361846000000000000000000000000060608112126/400173300000000400173361846091121000000000800063300001  000000000000000000000000000000000000000000000000000000000000000000000000000000000000000800000000000000000000000000000   091121             00000000000000                                                                  000067
1021903727600017200000260206200016896                         0000000040022559495P000000000000000000000000060608112126/40022550000000040022559495P111121000000099000063300001  000000000000000000000000000000000000000000000000000000000000000000000000000000000000099000000000000000000000000000000   091121             00000000000000                                                                  000068
1021903727600017200000260206200016896                         00000000400228745576000000000000000000000000060608112126/400228700000000400228745576111121000000000800065500001  000000000000000000000000000000000000000000000000000000000000000000000000000000000000000800000000000000000000000000000   091121             00000000000000                                                                  000069
1021903727600017200000260206200016896                         00000000400255359629000000000000000000000000060608112126/400255300000000400255359629111121000000000800065500001  000000000000000000000000000000000000000000000000000000000000000000000000000000000000000800000000000000000000000000000   091121             00000000000000                                                                  000070
1021903727600017200000260206200016896                         00000000400263086232000000000000000000000000060608112126/400263000000000400263086232061121000000002250002100112  000000000000000000000000000000000000000000000000000000000000000000000000000000000000002250000000000000000000000000000   091121             00000000000000                                                                  000071
1021903727600017200000260206200016896                         00000000400289251630000000000000000000000000060608112126/400289200000000400289251630101121000000000800063300001  000000000000000000000000000000000000000000000000000000000000000000000000000000000000000800000000000000000000000000000   091121             00000000000000                                                                  000072
1021903727600017200000260206200016896                         00000000400298274104000000000000000000000000060608112126/400298200000000400298274104091121000000002500003302135  000000000000000000000000000000000000000000000000000000000000000000000000000000000000002500000000000000000000000000000   091121             00000000000000                                                                  000073
1021903727600017200000260206200016896                         00000000400325991042000000000000000000000000060608112126/400325900000000400325991042111121000000000800010403189  000000000000000000000000000000000000000000000000000000000000000000000000000000000000000800000000000000000000000000000   091121             00000000000000                                                                  000074
1021903727600017200000260206200016896                         00000000400338547877000000000000000000000000060608112126/400338500000000400338547877111121000000000800065500001  000000000000000000000000000000000000000000000000000000000000000000000000000000000000000800000000000000000000000000000   091121             00000000000000                                                                  000075
1021903727600017200000260206200016896                         00000000400356748081000000000000000000000000060608112126/400356700000000400356748081091121000000000810075600259  000000000000000000000000000000000000000000000000000000000000000000000000000000000000000810000000000000000000000000000   091121             00000000000000                                                                  000076
1021903727600017200000260206200016896                         00000000400440562430000000000000000000000000060608112126/400440500000000400440562430091121000000007150002100112  000000000000000000000000000000000000000000000000000000000000000000000000000000000000007150000000000000000000000000000   091121             00000000000000                                                                  000077
1021903727600017200000260206200016896                         00000000400494796046000000000000000000000000060608112126/400494700000000400494796046111121000000001500075604327  000000000000000000000000000000000000000000000000000000000000000000000000000000000000001500000000000000000000000000000   091121             00000000000000                                                                  000078
1021903727600017200000260206200016896                         00000000400548985397000000000000000000000000060608112126/400548900000000400548985397111121000000012000063300001  000000000000000000000000000000000000000000000000000000000000000000000000000000000000012000000000000000000000000000000   091121             00000000000000                                                                  000079
1021903727600017200000260206200016896                         00000000400626095972000000000000000000000000060608112126/400626000000000400626095972111121000000004000023703052  000000000000000000000000000000000000000000000000000000000000000000000000000000000000004000000000000000000000000000000   091121             00000000000000                                                                  000080
1021903727600017200000260206200016896                         00000000400685836838000000000000000000000000060608112126/400685800000000400685836838111121000000007500075604327  000000000000000000000000000000000000000000000000000000000000000000000000000000000000007500000000000000000000000000000   091121             00000000000000                                                                  000081
1021903727600017200000260206200016896                         00000000400689345510000000000000000000000000060608112126/400689300000000400689345510091121000000003640075601396  000000000000000000000000000000000000000000000000000000000000000000000000000000000000003640000000000000000000000000000   091121             00000000000000                                                                  000082
1021903727600017200000260206200016896                         00000000400719992257000000000000000000000000060608112126/400719900000000400719992257111121000000005000000100922  000000000000000000000000000000000000000000000000000000000000000000000000000000000000005000000000000000000000000000000   091121             00000000000000                                                                  000083
1021903727600017200000260206200016896                         00000000400737625733000000000000000000000000060608112126/400737600000000400737625733111121000000001640000102020  000000000000000000000000000000000000000000000000000000000000000000000000000000000000001640000000000000000000000000000   091121             00000000000000                                                                  000084
1021903727600017200000260206200016896                         00000000400750333601000000000000000000000000060608112126/400750300000000400750333601111121000000012000010401825  000000000000000000000000000000000000000000000000000000000000000000000000000000000000012000000000000000000000000000000   091121             00000000000000                                                                  000085
1021903727600017200000260206200016896                         00000000400818580955000000000000000000000000060608112126/400818500000000400818580955111121000000002000008501071  000000000000000000000000000000000000000000000000000000000000000000000000000000000000002000000000000000000000000000000   091121             00000000000000                                                                  000086
1021903727600017200000260206200016896                         00000000400844861431000000000000000000000000060608112126/400844800000000400844861431111121000000002080023705889  000000000000000000000000000000000000000000000000000000000000000000000000000000000000002080000000000000000000000000000   091121             00000000000000                                                                  000087
1021903727600017200000260206200016896                         00000000400851853436000000000000000000000000060608112126/400851800000000400851853436091121000000001300023700180  000000000000000000000000000000000000000000000000000000000000000000000000000000000000001300000000000000000000000000000   091121             00000000000000                                                                  000088
1021903727600017200000260206200016896                         00000000400877405954000000000000000000000000060608112126/400877400000000400877405954071121000000001100002100112  000000000000000000000000000000000000000000000000000000000000000000000000000000000000001100000000000000000000000000000   091121             00000000000000                                                                  000089
1021903727600017200000260206200016896                         00000000400879270320000000000000000000000000060608112126/400879200000000400879270320111121000000000800065500001  000000000000000000000000000000000000000000000000000000000000000000000000000000000000000800000000000000000000000000000   091121             00000000000000                                                                  000090
1021903727600017200000260206200016896                         00000000400890473454000000000000000000000000060608112126/400890400000000400890473454111121000000000800065500001  000000000000000000000000000000000000000000000000000000000000000000000000000000000000000800000000000000000000000000000   091121             00000000000000                                                                  000091
1021903727600017200000260206200016896                         00000000400895210958000000000000000000000000060608112126/400895200000000400895210958111121000000009910010400721  000000000000000000000000000000000000000000000000000000000000000000000000000000000000009910000000000000000000000000000   091121             00000000000000                                                                  000092
1021903727600017200000260206200016896                         00000000400922024606000000000000000000000000060608112126/400922000000000400922024606091121000000000800075600259  000000000000000000000000000000000000000000000000000000000000000000000000000000000000000800000000000000000000000000000   091121             00000000000000                                                                  000093
1021903727600017200000260206200016896                         00000000400957230284000000000000000000000000060608112126/400957200000000400957230284111121000000002000010403711  000000000000000000000000000000000000000000000000000000000000000000000000000000000000002000000000000000000000000000000   091121             00000000000000                                                                  000094
1021903727600017200000260206200016896                         00000000400961798384000000000000000000000000060608112126/400961700000000400961798384111121000000001270010403136  000000000000000000000000000000000000000000000000000000000000000000000000000000000000001270000000000000000000000000000   091121             00000000000000                                                                  000095
1021903727600017200000260206200016896                         00000000600254680112000000000000000000000000060608112126/600254600000000600254680112101121000000000600021200001  000000000000000000000000000000000000000000000000000000000000000000000000000000000000000600000000000000000000000000000   091121             00000000000000                                                                  000096
1021903727600017200000260206200016896                         0000000060085389239P000000000000000000000000060608112126/60085380000000060085389239P101121000000000319910401188  000000000000000000000000000000000000000000000000000000000000000000000000000000000000000319900000000000000000000000000   091121             00000000000000                                                                  000097
1021903727600017200000260206200016896                         00000000200103208871000000000000000000000000061008112126/200103200000000200103208871080921000000000623023700000  000000000000000000000000000000000000000000000000000000000000000000000000000000000000000000000000000000000000000000000                          1600000000                                                                  000098
1021903727600017200000260206200016896                         00000000200198576953000000000000000000000000061008112126/200198500000000200198576953070921000000000424823700000  000000000000000000000000000000000000000000000000000000000000000000000000000000000000000000000000000000000000000000000                          1600000000                                                                  000099
1021903727600017200000260206200016896                         00000000200406529824000000000000000000000000061008112126/200406500000000200406529824070921000000000049923700000  000000000000000000000000000000000000000000000000000000000000000000000000000000000000000000000000000000000000000000000                          1600000000                                                                  000100
1021903727600017200000260206200016896                         00000000200621137503000000000000000000000000061008112126/200621100000000200621137503060921000000000190923700000  000000000000000000000000000000000000000000000000000000000000000000000000000000000000000000000000000000000000000000000                          1600000000                                                                  000101
1021903727600017200000260206200016896                         00000000200903722670000000000000000000000000061008112126/200903700000000200903722670080921000000000191223700000  000000000000000000000000000000000000000000000000000000000000000000000000000000000000000000000000000000000000000000000                          1600000000                                                                  000102
1021903727600017200000260206200016896                         0000000040020545003P000000000000000000000000061008112126/40020540000000040020545003P070921000000004000023700000  000000000000000000000000000000000000000000000000000000000000000000000000000000000000000000000000000000000000000000000                          1600000000                                                                  000103
1021903727600017200000260206200016896                         00000000400512584833000000000000000000000000061008112126/400512500000000400512584833080921000000002000023700000  000000000000000000000000000000000000000000000000000000000000000000000000000000000000000000000000000000000000000000000                          1600000000                                                                  000104
1021903727600017200000260206200016896                         00000000400514395582000000000000000000000000061008112126/400514300000000400514395582060921000000000800023700000  000000000000000000000000000000000000000000000000000000000000000000000000000000000000000000000000000000000000000000000                          1600000000                                                                  000105
1021903727600017200000260206200016896                         00000000400574657551000000000000000000000000061008112126/400574600000000400574657551060921000000003700023700000  000000000000000000000000000000000000000000000000000000000000000000000000000000000000000000000000000000000000000000000                          1600000000                                                                  000106
1021903727600017200000260206200016896                         00000000400693872711000000000000000000000000061008112126/400693800000000400693872711060921000000000800023700000  000000000000000000000000000000000000000000000000000000000000000000000000000000000000000000000000000000000000000000000                          1600000000                                                                  000107
1021903727600017200000260206200016896                         00000000400791250583000000000000000000000000061008112126/400791200000000400791250583070921000000002000023700000  000000000000000000000000000000000000000000000000000000000000000000000000000000000000000000000000000000000000000000000                          1600000000                                                                  000108
1021903727600017200000260206200016896                         00000000400810430652000000000000000000000000061008112126/400810400000000400810430652080921000000000800023700000  000000000000000000000000000000000000000000000000000000000000000000000000000000000000000000000000000000000000000000000                          1600000000                                                                  000109
1021903727600017200000260206200016896                         00000000400868756183000000000000000000000000061008112126/400868700000000400868756183060921000000008000023700000  000000000000000000000000000000000000000000000000000000000000000000000000000000000000000000000000000000000000000000000                          1600000000                                                                  000110
1021903727600017200000260206200016896                         00000000400875936820000000000000000000000000061008112126/400875900000000400875936820060921000000009000023700000  000000000000000000000000000000000000000000000000000000000000000000000000000000000000000000000000000000000000000000000                          1600000000                                                                  000111
1021903727600017200000260206200016896                         00000000400955208400000000000000000000000000061008112126/400955200000000400955208400070921000000001000023700000  000000000000000000000000000000000000000000000000000000000000000000000000000000000000000000000000000000000000000000000                          1600000000                                                                  000112
1021903727600017200000260206200016896                         00000000600373326084000000000000000000000000061008112126/600373300000000600373326084060921000000003000023700000  000000000000000000000000000000000000000000000000000000000000000000000000000000000000000000000000000000000000000000000                          1600000000                                                                  000113
1021903727600017200000260206200016896                         00000000600600101612000000000000000000000000061008112126/600600100000000600600101612060921000000000269923700000  000000000000000000000000000000000000000000000000000000000000000000000000000000000000000000000000000000000000000000000                          1600000000                                                                  000114
1021903727600017200000260206200016896                         00000000600612124707000000000000000000000000061008112126/600612100000000600612124707060921000000003000023700000  000000000000000000000000000000000000000000000000000000000000000000000000000000000000000000000000000000000000000000000                          1600000000                                                                  000115
1021903727600017200000260206200016896                         00000000600849265224000000000000000000000000061008112126/600849200000000600849265224060921000000003000023700000  000000000000000000000000000000000000000000000000000000000000000000000000000000000000000000000000000000000000000000000                          1600000000                                                                  000116
1021903727600017200000260206200016896                         00000000600957355663000000000000000000000000061008112126/600957300000000600957355663060921000000000299923700000  000000000000000000000000000000000000000000000000000000000000000000000000000000000000000000000000000000000000000000000                          1600000000                                                                  000117
9201237          000003590000000873716900000803          00053000004106766000003863085000430000038630850002000000043149600000000000000000000000000000000000000000000000000000000000000000000                                                                                                                                                                              00000000000000000000000         000118
