02RETORNO01COBRANCA       00000000000005034448E-PREPAG ADMINISTRADORA DE CAR237BRADESCO       0911210160000000804                                                                                                                                                                                                                                                                          101121         000001
1021903727600017200000260206200016896                         0000000020018971152P000000000000000000000000060209112126/20018970000000020018971152P121121000000000189923704428  000000000008200000000000000000000000000000000000000000000000000000000000000000000000000000000000000000000000000000000                          0000000000                                                                  000002
1021903727600017200000260206200016896                         00000000200536647853000000000000000000000000060209112126/200536600000000200536647853121121000000000324823704400  000000000008200000000000000000000000000000000000000000000000000000000000000000000000000000000000000000000000000000000                          0000000000                                                                  000003
1021903727600017200000260206200016896                         00000000200811832844000000000000000000000000060209112126/200811800000000200811832844121121000000000119923704159  000000000000000000000000000000000000000000000000000000000000000000000000000000000000000000000000000000000000000000000                          0000000000                                                                  000004
1021903727600017200000260206200016896                         00000000400231107351000000000000000000000000060209112126/400231100000000400231107351121121000000004000023704452  000000000008200000000000000000000000000000000000000000000000000000000000000000000000000000000000000000000000000000000                          0000000000                                                                  000005
1021903727600017200000260206200016896                         0000000040034976036P000000000000000000000000060209112126/40034970000000040034976036P121121000000002500023700153  000000000008200000000000000000000000000000000000000000000000000000000000000000000000000000000000000000000000000000000                          0000000000                                                                  000006
1021903727600017200000260206200016896                         00000000400461111056000000000000000000000000060209112126/400461100000000400461111056121121000000003000023704151  000000000008200000000000000000000000000000000000000000000000000000000000000000000000000000000000000000000000000000000                          0000000000                                                                  000007
1021903727600017200000260206200016896                         00000000400654390629000000000000000000000000060209112126/400654300000000400654390629121121000000001000023700320  000000000008200000000000000000000000000000000000000000000000000000000000000000000000000000000000000000000000000000000                          0000000000                                                                  000008
1021903727600017200000260206200016896                         00000000400775138307000000000000000000000000060209112126/400775100000000400775138307121121000000001000023704157  000000000008200000000000000000000000000000000000000000000000000000000000000000000000000000000000000000000000000000000                          0000000000                                                                  000009
1021903727600017200000260206200016896                         00000000400819370695000000000000000000000000060209112126/400819300000000400819370695121121000000002000023704422  000000000008200000000000000000000000000000000000000000000000000000000000000000000000000000000000000000000000000000000                          0000000000                                                                  000010
1021903727600017200000260206200016896                         00000000400917706189000000000000000000000000060209112126/400917700000000400917706189121121000000003100023700320  000000000008200000000000000000000000000000000000000000000000000000000000000000000000000000000000000000000000000000000                          0000000000                                                                  000011
1021903727600017200000260206200016896                         00000000400953136879000000000000000000000000060209112126/400953100000000400953136879121121000000001000023704426  000000000008200000000000000000000000000000000000000000000000000000000000000000000000000000000000000000000000000000000                          0000000000                                                                  000012
1021903727600017200000260206200016896                         00000000600368445865000000000000000000000000060209112126/600368400000000600368445865121121000000000189923704428  000000000008200000000000000000000000000000000000000000000000000000000000000000000000000000000000000000000000000000000                          0000000000                                                                  000013
1021903727600017200000260206200016896                         00000000100031850013000000000000000000000000060609112126/100031800000000100031850013091121000000006027010404752  000000000000000000000000000000000000000000000000000000000000000000000000000000000000006027000000000000000000000000000   101121             00000000000000                                                                  000014
1021903727600017200000260206200016896                         00000000100031871061000000000000000000000000060609112126/100031800000000100031871061091121000000000225007700001  000000000000000000000000000000000000000000000000000000000000000000000000000000000000000225000000000000000000000000000   101121             00000000000000                                                                  000015
1021903727600017200000260206200016896                         00000000100031901823000000000000000000000000060609112126/100031900000000100031901823091121000000003126000103567  000000000000000000000000000000000000000000000000000000000000000000000000000000000000003126000000000000000000000000000   101121             00000000000000                                                                  000016
1021903727600017200000260206200016896                         0000000020018971152P000000000000000000000000060609112126/20018970000000020018971152P121121000000000189910402407  000000000000000000000000000000000000000000000000000000000000000000000000000000000000000189900000000000000000000000000   101121             00000000000000                                                                  000017
1021903727600017200000260206200016896                         00000000200536647853000000000000000000000000060609112126/200536600000000200536647853121121000000000324865500001  000000000000000000000000000000000000000000000000000000000000000000000000000000000000000324800000000000000000000000000   101121             00000000000000                                                                  000018
1021903727600017200000260206200016896                         00000000200541618748000000000000000000000000060609112126/200541600000000200541618748101121000000000450110404228  000000000000000000000000000000000000000000000000000000000000000000000000000000000000000450100000000000000000000000000   101121             00000000000000                                                                  000019
1021903727600017200000260206200016896                         0000000040034976036P000000000000000000000000060609112126/40034970000000040034976036P121121000000002500023705889  000000000000000000000000000000000000000000000000000000000000000000000000000000000000002500000000000000000000000000000   101121             00000000000000                                                                  000020
1021903727600017200000260206200016896                         00000000400654390629000000000000000000000000060609112126/400654300000000400654390629121121000000001000010403898  000000000000000000000000000000000000000000000000000000000000000000000000000000000000001000000000000000000000000000000   101121             00000000000000                                                                  000021
1021903727600017200000260206200016896                         00000000400775138307000000000000000000000000060609112126/400775100000000400775138307121121000000001000010401127  000000000000000000000000000000000000000000000000000000000000000000000000000000000000001000000000000000000000000000000   101121             00000000000000                                                                  000022
1021903727600017200000260206200016896                         00000000400819370695000000000000000000000000060609112126/400819300000000400819370695121121000000002000023703052  000000000000000000000000000000000000000000000000000000000000000000000000000000000000002000000000000000000000000000000   101121             00000000000000                                                                  000023
1021903727600017200000260206200016896                         00000000400917706189000000000000000000000000060609112126/400917700000000400917706189121121000000003100023703733  000000000000000000000000000000000000000000000000000000000000000000000000000000000000003100000000000000000000000000000   101121             00000000000000                                                                  000024
1021903727600017200000260206200016896                         00000000400953136879000000000000000000000000060609112126/400953100000000400953136879121121000000001000004100377  000000000000000000000000000000000000000000000000000000000000000000000000000000000000001000000000000000000000000000000   101121             00000000000000                                                                  000025
1021903727600017200000260206200016896                         00000000400867857717000000000000000000000000061009112126/400867800000000400867857717090921000000005600023700000  000000000000000000000000000000000000000000000000000000000000000000000000000000000000000000000000000000000000000000000                          1600000000                                                                  000026
1021903727600017200000260206200016896                         00000000400953439081000000000000000000000000061009112126/400953400000000400953439081090921000000006800023700000  000000000000000000000000000000000000000000000000000000000000000000000000000000000000000000000000000000000000000000000                          1600000000                                                                  000027
1021903727600017200000260206200016896                         00000000600123059358000000000000000000000000061009112126/600123000000000600123059358090921000000001500023700000  000000000000000000000000000000000000000000000000000000000000000000000000000000000000000000000000000000000000000000000                          1600000000                                                                  000028
1021903727600017200000260206200016896                         00000000600374883653000000000000000000000000061009112126/600374800000000600374883653090921000000000500023700000  000000000000000000000000000000000000000000000000000000000000000000000000000000000000000000000000000000000000000000000                          1600000000                                                                  000029
1021903727600017200000260206200016896                         00000000600666320102000000000000000000000000061009112126/600666300000000600666320102090921000000000500023700000  000000000000000000000000000000000000000000000000000000000000000000000000000000000000000000000000000000000000000000000                          1600000000                                                                  000030
9201237          000003540000000856298600000804          00012000000184245000000209428000120000002094280000500000014900000000000000000000000000000000000000000000000000000000000000000000000                                                                                                                                                                              00000000000000000000000         000031
