02RETORNO01COBRANCA       00000000000005034448E-PREPAG ADMINISTRADORA DE CAR237BRADESCO       0909210160000000763                                                                                                                                                                                                                                                                          100921         000001
1021903727600017200000260206200016896                         00000000200271584838000000000000000000000000060209092126/200271500000000200271584838120921000000002000023700140  000000000008200000000000000000000000000000000000000000000000000000000000000000000000000000000000000000000000000000000                          0000000000                                                                  000002
1021903727600017200000260206200016896                         00000000200517575086000000000000000000000000060209092126/200517500000000200517575086120921000000001595323704159  000000000008200000000000000000000000000000000000000000000000000000000000000000000000000000000000000000000000000000000                          0000000000                                                                  000003
1021903727600017200000260206200016896                         00000000200537666967000000000000000000000000060209092126/200537600000000200537666967120921000000000638323704274  000000000008200000000000000000000000000000000000000000000000000000000000000000000000000000000000000000000000000000000                          0000000000                                                                  000004
1021903727600017200000260206200016896                         00000000200604155476000000000000000000000000060209092126/200604100000000200604155476120921000000001250023704426  000000000008200000000000000000000000000000000000000000000000000000000000000000000000000000000000000000000000000000000                          7600000000                                                                  000005
1021903727600017200000260206200016896                         00000000200675396156000000000000000000000000060209092126/200675300000000200675396156120921000000000319923700140  000000000000000000000000000000000000000000000000000000000000000000000000000000000000000000000000000000000000000000000                          0000000000                                                                  000006
1021903727600017200000260206200016896                         00000000200711552747000000000000000000000000060209092126/200711500000000200711552747120921000000000224723700140  000000000008200000000000000000000000000000000000000000000000000000000000000000000000000000000000000000000000000000000                          7600000000                                                                  000007
1021903727600017200000260206200016896                         00000000200852212192000000000000000000000000060209092126/200852200000000200852212192120921000000001595323704159  000000000008200000000000000000000000000000000000000000000000000000000000000000000000000000000000000000000000000000000                          0000000000                                                                  000008
1021903727600017200000260206200016896                         00000000200890663769000000000000000000000000060209092126/200890600000000200890663769120921000000000550023704400  000000000008200000000000000000000000000000000000000000000000000000000000000000000000000000000000000000000000000000000                          0000000000                                                                  000009
1021903727600017200000260206200016896                         00000000400010883977000000000000000000000000060209092126/400010800000000400010883977120921000000012000023704143  000000000008200000000000000000000000000000000000000000000000000000000000000000000000000000000000000000000000000000000                          0000000000                                                                  000010
1021903727600017200000260206200016896                         00000000400039196138000000000000000000000000060209092126/400039100000000400039196138120921000000000800023704159  000000000008200000000000000000000000000000000000000000000000000000000000000000000000000000000000000000000000000000000                          0000000000                                                                  000011
1021903727600017200000260206200016896                         00000000400068641205000000000000000000000000060209092126/400068600000000400068641205120921000000001500023704143  000000000008200000000000000000000000000000000000000000000000000000000000000000000000000000000000000000000000000000000                          0000000000                                                                  000012
1021903727600017200000260206200016896                         00000000400100149695000000000000000000000000060209092126/400100100000000400100149695120921000000004020023704157  000000000008200000000000000000000000000000000000000000000000000000000000000000000000000000000000000000000000000000000                          0000000000                                                                  000013
1021903727600017200000260206200016896                         00000000400136235911000000000000000000000000060209092126/400136200000000400136235911120921000000012000023704144  000000000008200000000000000000000000000000000000000000000000000000000000000000000000000000000000000000000000000000000                          0000000000                                                                  000014
1021903727600017200000260206200016896                         00000000400142641670000000000000000000000000060209092126/400142600000000400142641670120921000000003000023700320  000000000008200000000000000000000000000000000000000000000000000000000000000000000000000000000000000000000000000000000                          0000000000                                                                  000015
1021903727600017200000260206200016896                         00000000400145020960000000000000000000000000060209092126/400145000000000400145020960120921000000005000023700140  000000000008200000000000000000000000000000000000000000000000000000000000000000000000000000000000000000000000000000000                          0000000000                                                                  000016
1021903727600017200000260206200016896                         00000000400191496627000000000000000000000000060209092126/400191400000000400191496627120921000000012000023704154  000000000008200000000000000000000000000000000000000000000000000000000000000000000000000000000000000000000000000000000                          0000000000                                                                  000017
1021903727600017200000260206200016896                         00000000400211024174000000000000000000000000060209092126/400211000000000400211024174120921000000000800023704159  000000000008200000000000000000000000000000000000000000000000000000000000000000000000000000000000000000000000000000000                          0000000000                                                                  000018
1021903727600017200000260206200016896                         00000000400242767353000000000000000000000000060209092126/400242700000000400242767353120921000000000810023704602  000000000008200000000000000000000000000000000000000000000000000000000000000000000000000000000000000000000000000000000                          7600000000                                                                  000019
1021903727600017200000260206200016896                         00000000400258803007000000000000000000000000060209092126/400258800000000400258803007120921000000002670023704158  000000000008200000000000000000000000000000000000000000000000000000000000000000000000000000000000000000000000000000000                          0000000000                                                                  000020
1021903727600017200000260206200016896                         0000000040028362401P000000000000000000000000060209092126/40028360000000040028362401P120921000000003280023704452  000000000000000000000000000000000000000000000000000000000000000000000000000000000000000000000000000000000000000000000                          7600000000                                                                  000021
1021903727600017200000260206200016896                         00000000400288180136000000000000000000000000060209092126/400288100000000400288180136120921000000001500023700389  000000000008200000000000000000000000000000000000000000000000000000000000000000000000000000000000000000000000000000000                          0000000000                                                                  000022
1021903727600017200000260206200016896                         0000000040029983779P000000000000000000000000060209092126/40029980000000040029983779P120921000000010000023704452  000000000008200000000000000000000000000000000000000000000000000000000000000000000000000000000000000000000000000000000                          0000000000                                                                  000023
1021903727600017200000260206200016896                         00000000400311690937000000000000000000000000060209092126/400311600000000400311690937120921000000003500023704159  000000000008200000000000000000000000000000000000000000000000000000000000000000000000000000000000000000000000000000000                          0000000000                                                                  000024
1021903727600017200000260206200016896                         00000000400314423859000000000000000000000000060209092126/400314400000000400314423859120921000000003000023704143  000000000008200000000000000000000000000000000000000000000000000000000000000000000000000000000000000000000000000000000                          0000000000                                                                  000025
1021903727600017200000260206200016896                         00000000400324516677000000000000000000000000060209092126/400324500000000400324516677120921000000001500023700435  000000000008200000000000000000000000000000000000000000000000000000000000000000000000000000000000000000000000000000000                          0000000000                                                                  000026
1021903727600017200000260206200016896                         0000000040032986603P000000000000000000000000060209092126/40032980000000040032986603P120921000000003000023704428  000000000008200000000000000000000000000000000000000000000000000000000000000000000000000000000000000000000000000000000                          0000000000                                                                  000027
1021903727600017200000260206200016896                         00000000400355653060000000000000000000000000060209092126/400355600000000400355653060120921000000008000023704144  000000000008200000000000000000000000000000000000000000000000000000000000000000000000000000000000000000000000000000000                          0000000000                                                                  000028
1021903727600017200000260206200016896                         00000000400359706282000000000000000000000000060209092126/400359700000000400359706282120921000000001280023704452  000000000008200000000000000000000000000000000000000000000000000000000000000000000000000000000000000000000000000000000                          0000000000                                                                  000029
1021903727600017200000260206200016896                         0000000040037684415P000000000000000000000000060209092126/40037680000000040037684415P120921000000005800023704157  000000000008200000000000000000000000000000000000000000000000000000000000000000000000000000000000000000000000000000000                          0000000000                                                                  000030
1021903727600017200000260206200016896                         00000000400421011806000000000000000000000000060209092126/400421000000000400421011806120921000000002600023704157  000000000008200000000000000000000000000000000000000000000000000000000000000000000000000000000000000000000000000000000                          0000000000                                                                  000031
1021903727600017200000260206200016896                         00000000400448110377000000000000000000000000060209092126/400448100000000400448110377120921000000002500023704157  000000000008200000000000000000000000000000000000000000000000000000000000000000000000000000000000000000000000000000000                          0000000000                                                                  000032
1021903727600017200000260206200016896                         00000000400452778501000000000000000000000000060209092126/400452700000000400452778501120921000000099000023704151  000000000008200000000000000000000000000000000000000000000000000000000000000000000000000000000000000000000000000000000                          7600000000                                                                  000033
1021903727600017200000260206200016896                         00000000400474466465000000000000000000000000060209092126/400474400000000400474466465120921000000000800023704159  000000000008200000000000000000000000000000000000000000000000000000000000000000000000000000000000000000000000000000000                          0000000000                                                                  000034
1021903727600017200000260206200016896                         00000000400497059581000000000000000000000000060209092126/400497000000000400497059581120921000000000800023704159  000000000008200000000000000000000000000000000000000000000000000000000000000000000000000000000000000000000000000000000                          0000000000                                                                  000035
1021903727600017200000260206200016896                         00000000400519563777000000000000000000000000060209092126/400519500000000400519563777120921000000012000023704151  000000000008200000000000000000000000000000000000000000000000000000000000000000000000000000000000000000000000000000000                          0000000000                                                                  000036
1021903727600017200000260206200016896                         00000000400528750415000000000000000000000000060209092126/400528700000000400528750415120921000000001630023704158  000000000008200000000000000000000000000000000000000000000000000000000000000000000000000000000000000000000000000000000                          0000000000                                                                  000037
1021903727600017200000260206200016896                         00000000400531426939000000000000000000000000060209092126/400531400000000400531426939120921000000005000023704157  000000000008200000000000000000000000000000000000000000000000000000000000000000000000000000000000000000000000000000000                          0000000000                                                                  000038
1021903727600017200000260206200016896                         00000000400534154824000000000000000000000000060209092126/400534100000000400534154824120921000000000800023704602  000000000008200000000000000000000000000000000000000000000000000000000000000000000000000000000000000000000000000000000                          7600000000                                                                  000039
1021903727600017200000260206200016896                         00000000400541233705000000000000000000000000060209092126/400541200000000400541233705120921000000011200023704452  000000000008200000000000000000000000000000000000000000000000000000000000000000000000000000000000000000000000000000000                          0000000000                                                                  000040
1021903727600017200000260206200016896                         00000000400583385106000000000000000000000000060209092126/400583300000000400583385106120921000000000800023700320  000000000008200000000000000000000000000000000000000000000000000000000000000000000000000000000000000000000000000000000                          0000000000                                                                  000041
1021903727600017200000260206200016896                         00000000400606515142000000000000000000000000060209092126/400606500000000400606515142120921000000000800023704422  000000000008200000000000000000000000000000000000000000000000000000000000000000000000000000000000000000000000000000000                          0000000000                                                                  000042
1021903727600017200000260206200016896                         00000000400615947861000000000000000000000000060209092126/400615900000000400615947861120921000000000800023704452  000000000008200000000000000000000000000000000000000000000000000000000000000000000000000000000000000000000000000000000                          0000000000                                                                  000043
1021903727600017200000260206200016896                         00000000400620469641000000000000000000000000060209092126/400620400000000400620469641120921000000000800023704159  000000000008200000000000000000000000000000000000000000000000000000000000000000000000000000000000000000000000000000000                          0000000000                                                                  000044
1021903727600017200000260206200016896                         00000000400635059776000000000000000000000000060209092126/400635000000000400635059776120921000000000820023704602  000000000008200000000000000000000000000000000000000000000000000000000000000000000000000000000000000000000000000000000                          7600000000                                                                  000045
1021903727600017200000260206200016896                         00000000400639126923000000000000000000000000060209092126/400639100000000400639126923120921000000000800023704159  000000000008200000000000000000000000000000000000000000000000000000000000000000000000000000000000000000000000000000000                          0000000000                                                                  000046
1021903727600017200000260206200016896                         00000000400652242487000000000000000000000000060209092126/400652200000000400652242487120921000000000800023704159  000000000008200000000000000000000000000000000000000000000000000000000000000000000000000000000000000000000000000000000                          0000000000                                                                  000047
1021903727600017200000260206200016896                         00000000400653886124000000000000000000000000060209092126/400653800000000400653886124120921000000001350023704144  000000000008200000000000000000000000000000000000000000000000000000000000000000000000000000000000000000000000000000000                          0000000000                                                                  000048
1021903727600017200000260206200016896                         00000000400691139863000000000000000000000000060209092126/400691100000000400691139863120921000000001550023704143  000000000008200000000000000000000000000000000000000000000000000000000000000000000000000000000000000000000000000000000                          7600000000                                                                  000049
1021903727600017200000260206200016896                         00000000400723396928000000000000000000000000060209092126/400723300000000400723396928120921000000009620023704154  000000000008200000000000000000000000000000000000000000000000000000000000000000000000000000000000000000000000000000000                          0000000000                                                                  000050
1021903727600017200000260206200016896                         00000000400744738195000000000000000000000000060209092126/400744700000000400744738195120921000000005000023704143  000000000008200000000000000000000000000000000000000000000000000000000000000000000000000000000000000000000000000000000                          7600000000                                                                  000051
1021903727600017200000260206200016896                         00000000400796055967000000000000000000000000060209092126/400796000000000400796055967120921000000038350023700321  000000000008200000000000000000000000000000000000000000000000000000000000000000000000000000000000000000000000000000000                          0000000000                                                                  000052
1021903727600017200000260206200016896                         00000000400803472390000000000000000000000000060209092126/400803400000000400803472390120921000000004000023700140  000000000008200000000000000000000000000000000000000000000000000000000000000000000000000000000000000000000000000000000                          0000000000                                                                  000053
1021903727600017200000260206200016896                         00000000400804237549000000000000000000000000060209092126/400804200000000400804237549120921000000002000023704159  000000000008200000000000000000000000000000000000000000000000000000000000000000000000000000000000000000000000000000000                          0000000000                                                                  000054
1021903727600017200000260206200016896                         0000000040082236471P000000000000000000000000060209092126/40082230000000040082236471P120921000000002000023700389  000000000000000000000000000000000000000000000000000000000000000000000000000000000000000000000000000000000000000000000                          7600000000                                                                  000055
1021903727600017200000260206200016896                         00000000400829617338000000000000000000000000060209092126/400829600000000400829617338120921000000000800023704159  000000000008200000000000000000000000000000000000000000000000000000000000000000000000000000000000000000000000000000000                          0000000000                                                                  000056
1021903727600017200000260206200016896                         00000000400839723179000000000000000000000000060209092126/400839700000000400839723179120921000000000800023704159  000000000008200000000000000000000000000000000000000000000000000000000000000000000000000000000000000000000000000000000                          0000000000                                                                  000057
1021903727600017200000260206200016896                         0000000040088768214P000000000000000000000000060209092126/40088760000000040088768214P120921000000005990023704157  000000000008200000000000000000000000000000000000000000000000000000000000000000000000000000000000000000000000000000000                          0000000000                                                                  000058
1021903727600017200000260206200016896                         00000000400891039227000000000000000000000000060209092126/400891000000000400891039227120921000000012000023704157  000000000008200000000000000000000000000000000000000000000000000000000000000000000000000000000000000000000000000000000                          0000000000                                                                  000059
1021903727600017200000260206200016896                         00000000400904187832000000000000000000000000060209092126/400904100000000400904187832120921000000004850023700153  000000000008200000000000000000000000000000000000000000000000000000000000000000000000000000000000000000000000000000000                          0000000000                                                                  000060
1021903727600017200000260206200016896                         00000000400906748076000000000000000000000000060209092126/400906700000000400906748076120921000000000800023702397  000000000008200000000000000000000000000000000000000000000000000000000000000000000000000000000000000000000000000000000                          0000000000                                                                  000061
1021903727600017200000260206200016896                         00000000400911197908000000000000000000000000060209092126/400911100000000400911197908120921000000001750023703109  000000000000000000000000000000000000000000000000000000000000000000000000000000000000000000000000000000000000000000000                          0000000000                                                                  000062
1021903727600017200000260206200016896                         00000000400921991513000000000000000000000000060209092126/400921900000000400921991513120921000000003000023704152  000000000008200000000000000000000000000000000000000000000000000000000000000000000000000000000000000000000000000000000                          0000000000                                                                  000063
1021903727600017200000260206200016896                         00000000400922985444000000000000000000000000060209092126/400922900000000400922985444120921000000003000023704157  000000000008200000000000000000000000000000000000000000000000000000000000000000000000000000000000000000000000000000000                          0000000000                                                                  000064
1021903727600017200000260206200016896                         00000000400939802785000000000000000000000000060209092126/400939800000000400939802785120921000000001640023700320  000000000008200000000000000000000000000000000000000000000000000000000000000000000000000000000000000000000000000000000                          0000000000                                                                  000065
1021903727600017200000260206200016896                         0000000040096269017P000000000000000000000000060209092126/40096260000000040096269017P120921000000001420023704158  000000000008200000000000000000000000000000000000000000000000000000000000000000000000000000000000000000000000000000000                          0000000000                                                                  000066
1021903727600017200000260206200016896                         00000000200517575086000000000000000000000000060609092126/200517500000000200517575086120921000000001595310403220  000000000000000000000000000000000000000000000000000000000000000000000000000000000000001595300000000000000000000000000   100921             00000000000000                                                                  000067
1021903727600017200000260206200016896                         00000000200890663769000000000000000000000000060609092126/200890600000000200890663769120921000000000550034103767  000000000000000000000000000000000000000000000000000000000000000000000000000000000000000550000000000000000000000000000   100921             00000000000000                                                                  000068
1021903727600017200000260206200016896                         00000000400010883977000000000000000000000000060609092126/400010800000000400010883977120921000000012000010403130  000000000000000000000000000000000000000000000000000000000000000000000000000000000000012000000000000000000000000000000   100921             00000000000000                                                                  000069
1021903727600017200000260206200016896                         00000000400039196138000000000000000000000000060609092126/400039100000000400039196138120921000000000800065500001  000000000000000000000000000000000000000000000000000000000000000000000000000000000000000800000000000000000000000000000   100921             00000000000000                                                                  000070
1021903727600017200000260206200016896                         00000000400068641205000000000000000000000000060609092126/400068600000000400068641205120921000000001500008501071  000000000000000000000000000000000000000000000000000000000000000000000000000000000000001500000000000000000000000000000   100921             00000000000000                                                                  000071
1021903727600017200000260206200016896                         00000000400142641670000000000000000000000000060609092126/400142600000000400142641670120921000000003000075604327  000000000000000000000000000000000000000000000000000000000000000000000000000000000000003000000000000000000000000000000   100921             00000000000000                                                                  000072
1021903727600017200000260206200016896                         00000000400189597114000000000000000000000000060609092126/400189500000000400189597114110921000000003890075601396  000000000000000000000000000000000000000000000000000000000000000000000000000000000000003890000000000000000000000000000   100921             00000000000000                                                                  000073
1021903727600017200000260206200016896                         00000000400191496627000000000000000000000000060609092126/400191400000000400191496627120921000000012000010400721  000000000000000000000000000000000000000000000000000000000000000000000000000000000000012000000000000000000000000000000   100921             00000000000000                                                                  000074
1021903727600017200000260206200016896                         00000000400211024174000000000000000000000000060609092126/400211000000000400211024174120921000000000800065500001  000000000000000000000000000000000000000000000000000000000000000000000000000000000000000800000000000000000000000000000   100921             00000000000000                                                                  000075
1021903727600017200000260206200016896                         00000000400242767353000000000000000000000000060609092126/400242700000000400242767353120921000000000810075600259  000000000000000000000000000000000000000000000000000000000000000000000000000000000000000810000000000000000000000000000   100921             00000000000000                                                                  000076
1021903727600017200000260206200016896                         00000000400288180136000000000000000000000000060609092126/400288100000000400288180136120921000000001500000103179  000000000000000000000000000000000000000000000000000000000000000000000000000000000000001500000000000000000000000000000   100921             00000000000000                                                                  000077
1021903727600017200000260206200016896                         00000000400311690937000000000000000000000000060609092126/400311600000000400311690937120921000000003500075604327  000000000000000000000000000000000000000000000000000000000000000000000000000000000000003500000000000000000000000000000   100921             00000000000000                                                                  000078
1021903727600017200000260206200016896                         00000000400314423859000000000000000000000000060609092126/400314400000000400314423859120921000000003000010403555  000000000000000000000000000000000000000000000000000000000000000000000000000000000000003000000000000000000000000000000   100921             00000000000000                                                                  000079
1021903727600017200000260206200016896                         00000000400324516677000000000000000000000000060609092126/400324500000000400324516677120921000000001500010400737  000000000000000000000000000000000000000000000000000000000000000000000000000000000000001500000000000000000000000000000   100921             00000000000000                                                                  000080
1021903727600017200000260206200016896                         0000000040032986603P000000000000000000000000060609092126/40032980000000040032986603P120921000000003000010401985  000000000000000000000000000000000000000000000000000000000000000000000000000000000000003000000000000000000000000000000   100921             00000000000000                                                                  000081
1021903727600017200000260206200016896                         00000000400345505225000000000000000000000000060609092126/400345500000000400345505225110921000000002000075602274  000000000000000000000000000000000000000000000000000000000000000000000000000000000000002000000000000000000000000000000   100921             00000000000000                                                                  000082
1021903727600017200000260206200016896                         00000000400355653060000000000000000000000000060609092126/400355600000000400355653060120921000000008000010400397  000000000000000000000000000000000000000000000000000000000000000000000000000000000000008000000000000000000000000000000   100921             00000000000000                                                                  000083
1021903727600017200000260206200016896                         00000000400359706282000000000000000000000000060609092126/400359700000000400359706282120921000000001280010401559  000000000000000000000000000000000000000000000000000000000000000000000000000000000000001280000000000000000000000000000   100921             00000000000000                                                                  000084
1021903727600017200000260206200016896                         0000000040037684415P000000000000000000000000060609092126/40037680000000040037684415P120921000000005800021200001  000000000000000000000000000000000000000000000000000000000000000000000000000000000000005800000000000000000000000000000   100921             00000000000000                                                                  000085
1021903727600017200000260206200016896                         00000000400421011806000000000000000000000000060609092126/400421000000000400421011806120921000000002600010401127  000000000000000000000000000000000000000000000000000000000000000000000000000000000000002600000000000000000000000000000   100921             00000000000000                                                                  000086
1021903727600017200000260206200016896                         00000000400452778501000000000000000000000000060609092126/400452700000000400452778501120921000000099000000102200  000000000000000000000000000000000000000000000000000000000000000000000000000000000000099000000000000000000000000000000   100921             00000000000000                                                                  000087
1021903727600017200000260206200016896                         00000000400474466465000000000000000000000000060609092126/400474400000000400474466465120921000000000800065500001  000000000000000000000000000000000000000000000000000000000000000000000000000000000000000800000000000000000000000000000   100921             00000000000000                                                                  000088
1021903727600017200000260206200016896                         00000000400497059581000000000000000000000000060609092126/400497000000000400497059581120921000000000800065500001  000000000000000000000000000000000000000000000000000000000000000000000000000000000000000800000000000000000000000000000   100921             00000000000000                                                                  000089
1021903727600017200000260206200016896                         00000000400519563777000000000000000000000000060609092126/400519500000000400519563777120921000000012000075601415  000000000000000000000000000000000000000000000000000000000000000000000000000000000000012000000000000000000000000000000   100921             00000000000000                                                                  000090
1021903727600017200000260206200016896                         00000000400528750415000000000000000000000000060609092126/400528700000000400528750415120921000000001630000102020  000000000000000000000000000000000000000000000000000000000000000000000000000000000000001630000000000000000000000000000   100921             00000000000000                                                                  000091
1021903727600017200000260206200016896                         00000000400531426939000000000000000000000000060609092126/400531400000000400531426939120921000000005000063300001  000000000000000000000000000000000000000000000000000000000000000000000000000000000000005000000000000000000000000000000   100921             00000000000000                                                                  000092
1021903727600017200000260206200016896                         00000000400534154824000000000000000000000000060609092126/400534100000000400534154824120921000000000800075600259  000000000000000000000000000000000000000000000000000000000000000000000000000000000000000800000000000000000000000000000   100921             00000000000000                                                                  000093
1021903727600017200000260206200016896                         0000000040053535035P000000000000000000000000060609092126/40053530000000040053535035P110921000000005000010402996  000000000000000000000000000000000000000000000000000000000000000000000000000000000000005000000000000000000000000000000   100921             00000000000000                                                                  000094
1021903727600017200000260206200016896                         00000000400541233705000000000000000000000000060609092126/400541200000000400541233705120921000000011200010401089  000000000000000000000000000000000000000000000000000000000000000000000000000000000000011200000000000000000000000000000   100921             00000000000000                                                                  000095
1021903727600017200000260206200016896                         00000000400583385106000000000000000000000000060609092126/400583300000000400583385106120921000000000800063300001  000000000000000000000000000000000000000000000000000000000000000000000000000000000000000800000000000000000000000000000   100921             00000000000000                                                                  000096
1021903727600017200000260206200016896                         00000000400606515142000000000000000000000000060609092126/400606500000000400606515142120921000000000800075604327  000000000000000000000000000000000000000000000000000000000000000000000000000000000000000800000000000000000000000000000   100921             00000000000000                                                                  000097
1021903727600017200000260206200016896                         00000000400614864849000000000000000000000000060609092126/400614800000000400614864849090921000000005270075601396  000000000000000000000000000000000000000000000000000000000000000000000000000000000000005270000000000000000000000000000   100921             00000000000000                                                                  000098
1021903727600017200000260206200016896                         00000000400620469641000000000000000000000000060609092126/400620400000000400620469641120921000000000800065500001  000000000000000000000000000000000000000000000000000000000000000000000000000000000000000800000000000000000000000000000   100921             00000000000000                                                                  000099
1021903727600017200000260206200016896                         00000000400635059776000000000000000000000000060609092126/400635000000000400635059776120921000000000820075600259  000000000000000000000000000000000000000000000000000000000000000000000000000000000000000820000000000000000000000000000   100921             00000000000000                                                                  000100
1021903727600017200000260206200016896                         00000000400639126923000000000000000000000000060609092126/400639100000000400639126923120921000000000800065500001  000000000000000000000000000000000000000000000000000000000000000000000000000000000000000800000000000000000000000000000   100921             00000000000000                                                                  000101
1021903727600017200000260206200016896                         00000000400652242487000000000000000000000000060609092126/400652200000000400652242487120921000000000800075604327  000000000000000000000000000000000000000000000000000000000000000000000000000000000000000800000000000000000000000000000   100921             00000000000000                                                                  000102
1021903727600017200000260206200016896                         00000000400653886124000000000000000000000000060609092126/400653800000000400653886124120921000000001350010403880  000000000000000000000000000000000000000000000000000000000000000000000000000000000000001350000000000000000000000000000   100921             00000000000000                                                                  000103
1021903727600017200000260206200016896                         0000000040065775298P000000000000000000000000060609092126/40065770000000040065775298P090921000000005460010400422  000000000000000000000000000000000000000000000000000000000000000000000000000000000000005460000000000000000000000000000   100921             00000000000000                                                                  000104
1021903727600017200000260206200016896                         00000000400691139863000000000000000000000000060609092126/400691100000000400691139863120921000000001550023702151  000000000000000000000000000000000000000000000000000000000000000000000000000000000000001550000000000000000000000000000   100921             00000000000000                                                                  000105
1021903727600017200000260206200016896                         00000000400744738195000000000000000000000000060609092126/400744700000000400744738195120921000000005000023701555  000000000000000000000000000000000000000000000000000000000000000000000000000000000000005000000000000000000000000000000   100921             00000000000000                                                                  000106
1021903727600017200000260206200016896                         00000000400796055967000000000000000000000000060609092126/400796000000000400796055967120921000000038350007700001  000000000000000000000000000000000000000000000000000000000000000000000000000000000000038350000000000000000000000000000   100921             00000000000000                                                                  000107
1021903727600017200000260206200016896                         00000000400803472390000000000000000000000000060609092126/400803400000000400803472390120921000000004000075604327  000000000000000000000000000000000000000000000000000000000000000000000000000000000000004000000000000000000000000000000   100921             00000000000000                                                                  000108
1021903727600017200000260206200016896                         0000000040082236471P000000000000000000000000060609092126/40082230000000040082236471P120921000000002000026000001  000000000000000000000000000000000000000000000000000000000000000000000000000000000000002000000000000000000000000000000   100921             00000000000000                                                                  000109
1021903727600017200000260206200016896                         00000000400829617338000000000000000000000000060609092126/400829600000000400829617338120921000000000800065500001  000000000000000000000000000000000000000000000000000000000000000000000000000000000000000800000000000000000000000000000   100921             00000000000000                                                                  000110
1021903727600017200000260206200016896                         00000000400839723179000000000000000000000000060609092126/400839700000000400839723179120921000000000800065500001  000000000000000000000000000000000000000000000000000000000000000000000000000000000000000800000000000000000000000000000   100921             00000000000000                                                                  000111
1021903727600017200000260206200016896                         00000000400851451427000000000000000000000000060609092126/400851400000000400851451427110921000000002150065500001  000000000000000000000000000000000000000000000000000000000000000000000000000000000000002150000000000000000000000000000   100921             00000000000000                                                                  000112
1021903727600017200000260206200016896                         0000000040088768214P000000000000000000000000060609092126/40088760000000040088768214P120921000000005990021200001  000000000000000000000000000000000000000000000000000000000000000000000000000000000000005990000000000000000000000000000   100921             00000000000000                                                                  000113
1021903727600017200000260206200016896                         00000000400891039227000000000000000000000000060609092126/400891000000000400891039227120921000000012000010400389  000000000000000000000000000000000000000000000000000000000000000000000000000000000000012000000000000000000000000000000   100921             00000000000000                                                                  000114
1021903727600017200000260206200016896                         00000000400906748076000000000000000000000000060609092126/400906700000000400906748076120921000000000800075604327  000000000000000000000000000000000000000000000000000000000000000000000000000000000000000800000000000000000000000000000   100921             00000000000000                                                                  000115
1021903727600017200000260206200016896                         00000000400911197908000000000000000000000000060609092126/400911100000000400911197908120921000000001750010403584  000000000000000000000000000000000000000000000000000000000000000000000000000000000000001750000000000000000000000000000   100921             00000000000000                                                                  000116
1021903727600017200000260206200016896                         00000000400921651348000000000000000000000000060609092126/400921600000000400921651348110921000000012000023703733  000000000000000000000000000000000000000000000000000000000000000000000000000000000000012000000000000000000000000000000   100921             00000000000000                                                                  000117
1021903727600017200000260206200016896                         00000000400921991513000000000000000000000000060609092126/400921900000000400921991513120921000000003000023700536  000000000000000000000000000000000000000000000000000000000000000000000000000000000000003000000000000000000000000000000   100921             00000000000000                                                                  000118
1021903727600017200000260206200016896                         00000000400922985444000000000000000000000000060609092126/400922900000000400922985444120921000000003000010403880  000000000000000000000000000000000000000000000000000000000000000000000000000000000000003000000000000000000000000000000   100921             00000000000000                                                                  000119
1021903727600017200000260206200016896                         00000000400939802785000000000000000000000000060609092126/400939800000000400939802785120921000000001640075604327  000000000000000000000000000000000000000000000000000000000000000000000000000000000000001640000000000000000000000000000   100921             00000000000000                                                                  000120
1021903727600017200000260206200016896                         00000000200596352585000000000000000000000000061009092126/200596300000000200596352585100721000000001041723700000  000000000000000000000000000000000000000000000000000000000000000000000000000000000000000000000000000000000000000000000                          1600000000                                                                  000121
1021903727600017200000260206200016896                         00000000400133278296000000000000000000000000061009092126/400133200000000400133278296100721000000000800023700000  000000000000000000000000000000000000000000000000000000000000000000000000000000000000000000000000000000000000000000000                          1600000000                                                                  000122
1021903727600017200000260206200016896                         00000000400298737651000000000000000000000000061009092126/400298700000000400298737651100721000000001000023700000  000000000000000000000000000000000000000000000000000000000000000000000000000000000000000000000000000000000000000000000                          1600000000                                                                  000123
1021903727600017200000260206200016896                         00000000400319514798000000000000000000000000061009092126/400319500000000400319514798100721000000010000023700000  000000000000000000000000000000000000000000000000000000000000000000000000000000000000000000000000000000000000000000000                          1600000000                                                                  000124
1021903727600017200000260206200016896                         00000000400464374163000000000000000000000000061009092126/400464300000000400464374163100721000000005000023700000  000000000000000000000000000000000000000000000000000000000000000000000000000000000000000000000000000000000000000000000                          1600000000                                                                  000125
1021903727600017200000260206200016896                         00000000400868614729000000000000000000000000061009092126/400868600000000400868614729100721000000001000023700000  000000000000000000000000000000000000000000000000000000000000000000000000000000000000000000000000000000000000000000000                          1600000000                                                                  000126
1021903727600017200000260206200016896                         00000000400924623264000000000000000000000000061009092126/400924600000000400924623264100721000000001180023700000  000000000000000000000000000000000000000000000000000000000000000000000000000000000000000000000000000000000000000000000                          1600000000                                                                  000127
9201237          000007460000001725077400000763          00065000003455035000003170853000540000031708530000700000020021700000000000000000000000000000000000000000000000000000000000000000000                                                                                                                                                                              00000000000000000000000         000128
