02RETORNO01COBRANCA       00000000000005034448E-PREPAG ADMINISTRADORA DE CAR237BRADESCO       0912210160000000825                                                                                                                                                                                                                                                                          101221         000001
1021903727600017200000260206200016896                         00000000200165988865000000000000000000000000060209122126/200165900000000200165988865121221000000000049923700073  000000000008200000000000000000000000000000000000000000000000000000000000000000000000000000000000000000000000000000000                          0000000000                                                                  000002
1021903727600017200000260206200016896                         00000000200841076688000000000000000000000000060209122126/200841000000000200841076688121221000000001106223704400  000000000008200000000000000000000000000000000000000000000000000000000000000000000000000000000000000000000000000000000                          7600000000                                                                  000003
1021903727600017200000260206200016896                         0000000040013746602P000000000000000000000000060209122126/40013740000000040013746602P121221000000001000023704158  000000000008200000000000000000000000000000000000000000000000000000000000000000000000000000000000000000000000000000000                          0000000000                                                                  000004
1021903727600017200000260206200016896                         00000000400162787426000000000000000000000000060209122126/400162700000000400162787426121221000000008000023704157  000000000008200000000000000000000000000000000000000000000000000000000000000000000000000000000000000000000000000000000                          0000000000                                                                  000005
1021903727600017200000260206200016896                         00000000400171198417000000000000000000000000060209122126/400171100000000400171198417121221000000001000023704426  000000000008200000000000000000000000000000000000000000000000000000000000000000000000000000000000000000000000000000000                          0000000000                                                                  000006
1021903727600017200000260206200016896                         00000000400184961640000000000000000000000000060209122126/400184900000000400184961640121221000000000800023704159  000000000008200000000000000000000000000000000000000000000000000000000000000000000000000000000000000000000000000000000                          0000000000                                                                  000007
1021903727600017200000260206200016896                         00000000400205706794000000000000000000000000060209122126/400205700000000400205706794121221000000003000023704426  000000000008200000000000000000000000000000000000000000000000000000000000000000000000000000000000000000000000000000000                          0000000000                                                                  000008
1021903727600017200000260206200016896                         00000000400222894154000000000000000000000000060209122126/400222800000000400222894154121221000000000800023704159  000000000008200000000000000000000000000000000000000000000000000000000000000000000000000000000000000000000000000000000                          0000000000                                                                  000009
1021903727600017200000260206200016896                         00000000400244693020000000000000000000000000060209122126/400244600000000400244693020121221000000012000023704157  000000000008200000000000000000000000000000000000000000000000000000000000000000000000000000000000000000000000000000000                          0000000000                                                                  000010
1021903727600017200000260206200016896                         00000000400258702316000000000000000000000000060209122126/400258700000000400258702316121221000000004800023700140  000000000008200000000000000000000000000000000000000000000000000000000000000000000000000000000000000000000000000000000                          0000000000                                                                  000011
1021903727600017200000260206200016896                         00000000400292132650000000000000000000000000060209122126/400292100000000400292132650121221000000000800023704159  000000000008200000000000000000000000000000000000000000000000000000000000000000000000000000000000000000000000000000000                          0000000000                                                                  000012
1021903727600017200000260206200016896                         00000000400318731191000000000000000000000000060209122126/400318700000000400318731191121221000000000800023704159  000000000008200000000000000000000000000000000000000000000000000000000000000000000000000000000000000000000000000000000                          0000000000                                                                  000013
1021903727600017200000260206200016896                         00000000400319518661000000000000000000000000060209122126/400319500000000400319518661121221000000000800023704159  000000000008200000000000000000000000000000000000000000000000000000000000000000000000000000000000000000000000000000000                          0000000000                                                                  000014
1021903727600017200000260206200016896                         00000000400374216828000000000000000000000000060209122126/400374200000000400374216828121221000000005240023700320  000000000008200000000000000000000000000000000000000000000000000000000000000000000000000000000000000000000000000000000                          0000000000                                                                  000015
1021903727600017200000260206200016896                         00000000400416569696000000000000000000000000060209122126/400416500000000400416569696121221000000099000023704151  000000000008200000000000000000000000000000000000000000000000000000000000000000000000000000000000000000000000000000000                          7600000000                                                                  000016
1021903727600017200000260206200016896                         00000000400441185355000000000000000000000000060209122126/400441100000000400441185355121221000000007000023704157  000000000008200000000000000000000000000000000000000000000000000000000000000000000000000000000000000000000000000000000                          0000000000                                                                  000017
1021903727600017200000260206200016896                         00000000400471040181000000000000000000000000060209122126/400471000000000400471040181121221000000000800023704159  000000000008200000000000000000000000000000000000000000000000000000000000000000000000000000000000000000000000000000000                          0000000000                                                                  000018
1021903727600017200000260206200016896                         00000000400474313413000000000000000000000000060209122126/400474300000000400474313413121221000000000800023704159  000000000008200000000000000000000000000000000000000000000000000000000000000000000000000000000000000000000000000000000                          0000000000                                                                  000019
1021903727600017200000260206200016896                         00000000400475445720000000000000000000000000060209122126/400475400000000400475445720121221000000000800023704159  000000000008200000000000000000000000000000000000000000000000000000000000000000000000000000000000000000000000000000000                          0000000000                                                                  000020
1021903727600017200000260206200016896                         00000000400503369458000000000000000000000000060209122126/400503300000000400503369458121221000000000800023704159  000000000008200000000000000000000000000000000000000000000000000000000000000000000000000000000000000000000000000000000                          0000000000                                                                  000021
1021903727600017200000260206200016896                         00000000400513753361000000000000000000000000060209122126/400513700000000400513753361121221000000000800023704159  000000000008200000000000000000000000000000000000000000000000000000000000000000000000000000000000000000000000000000000                          0000000000                                                                  000022
1021903727600017200000260206200016896                         00000000400517203722000000000000000000000000060209122126/400517200000000400517203722121221000000008210023704151  000000000008200000000000000000000000000000000000000000000000000000000000000000000000000000000000000000000000000000000                          0000000000                                                                  000023
1021903727600017200000260206200016896                         00000000400587179470000000000000000000000000060209122126/400587100000000400587179470121221000000012000023704143  000000000008200000000000000000000000000000000000000000000000000000000000000000000000000000000000000000000000000000000                          7600000000                                                                  000024
1021903727600017200000260206200016896                         00000000400628803877000000000000000000000000060209122126/400628800000000400628803877121221000000002000023704151  000000000008200000000000000000000000000000000000000000000000000000000000000000000000000000000000000000000000000000000                          0000000000                                                                  000025
1021903727600017200000260206200016896                         0000000040063256481P000000000000000000000000060209122126/40063250000000040063256481P121221000000012000023704147  000000000008200000000000000000000000000000000000000000000000000000000000000000000000000000000000000000000000000000000                          7600000000                                                                  000026
1021903727600017200000260206200016896                         00000000400640632794000000000000000000000000060209122126/400640600000000400640632794121221000000000800023704159  000000000008200000000000000000000000000000000000000000000000000000000000000000000000000000000000000000000000000000000                          0000000000                                                                  000027
1021903727600017200000260206200016896                         00000000400689907349000000000000000000000000060209122126/400689900000000400689907349121221000000000800023704159  000000000008200000000000000000000000000000000000000000000000000000000000000000000000000000000000000000000000000000000                          0000000000                                                                  000028
1021903727600017200000260206200016896                         00000000400705014384000000000000000000000000060209122126/400705000000000400705014384121221000000000800023704159  000000000008200000000000000000000000000000000000000000000000000000000000000000000000000000000000000000000000000000000                          0000000000                                                                  000029
1021903727600017200000260206200016896                         00000000400754382151000000000000000000000000060209122126/400754300000000400754382151121221000000003800023704159  000000000008200000000000000000000000000000000000000000000000000000000000000000000000000000000000000000000000000000000                          0000000000                                                                  000030
1021903727600017200000260206200016896                         00000000400841081249000000000000000000000000060209122126/400841000000000400841081249121221000000000800023704159  000000000008200000000000000000000000000000000000000000000000000000000000000000000000000000000000000000000000000000000                          0000000000                                                                  000031
1021903727600017200000260206200016896                         00000000400852561218000000000000000000000000060209122126/400852500000000400852561218121221000000003000023700140  000000000008200000000000000000000000000000000000000000000000000000000000000000000000000000000000000000000000000000000                          0000000000                                                                  000032
1021903727600017200000260206200016896                         00000000400858774841000000000000000000000000060209122126/400858700000000400858774841121221000000000800023704159  000000000008200000000000000000000000000000000000000000000000000000000000000000000000000000000000000000000000000000000                          0000000000                                                                  000033
1021903727600017200000260206200016896                         00000000400886086241000000000000000000000000060209122126/400886000000000400886086241121221000000000800023704159  000000000008200000000000000000000000000000000000000000000000000000000000000000000000000000000000000000000000000000000                          0000000000                                                                  000034
1021903727600017200000260206200016896                         00000000400935687043000000000000000000000000060209122126/400935600000000400935687043121221000000150000023704428  000000000008200000000000000000000000000000000000000000000000000000000000000000000000000000000000000000000000000000000                          7600000000                                                                  000035
1021903727600017200000260206200016896                         00000000400949066270000000000000000000000000060209122126/400949000000000400949066270121221000000000800023704159  000000000008200000000000000000000000000000000000000000000000000000000000000000000000000000000000000000000000000000000                          0000000000                                                                  000036
1021903727600017200000260206200016896                         00000000600733022405000000000000000000000000060209122126/600733000000000600733022405121221000000000079923704144  000000000008200000000000000000000000000000000000000000000000000000000000000000000000000000000000000000000000000000000                          0000000000                                                                  000037
1021903727600017200000260206200016896                         00000000400108819983000000000000000000000000060609122126/400108800000000400108819983101221000000000800065500001  000000000000000000000000000000000000000000000000000000000000000000000000000000000000000800000000000000000000000000000   101221             00000000000000                                                                  000038
1021903727600017200000260206200016896                         00000000400128277435000000000000000000000000060609122126/400128200000000400128277435101221000000000800065500001  000000000000000000000000000000000000000000000000000000000000000000000000000000000000000800000000000000000000000000000   101221             00000000000000                                                                  000039
1021903727600017200000260206200016896                         0000000040013746602P000000000000000000000000060609122126/40013740000000040013746602P121221000000001000023701078  000000000000000000000000000000000000000000000000000000000000000000000000000000000000001000000000000000000000000000000   101221             00000000000000                                                                  000040
1021903727600017200000260206200016896                         00000000400162787426000000000000000000000000060609122126/400162700000000400162787426121221000000008000023703929  000000000000000000000000000000000000000000000000000000000000000000000000000000000000008000000000000000000000000000000   101221             00000000000000                                                                  000041
1021903727600017200000260206200016896                         00000000400171198417000000000000000000000000060609122126/400171100000000400171198417121221000000001000010403711  000000000000000000000000000000000000000000000000000000000000000000000000000000000000001000000000000000000000000000000   101221             00000000000000                                                                  000042
1021903727600017200000260206200016896                         00000000400205741530000000000000000000000000060609122126/400205700000000400205741530101221000000000800065500001  000000000000000000000000000000000000000000000000000000000000000000000000000000000000000800000000000000000000000000000   101221             00000000000000                                                                  000043
1021903727600017200000260206200016896                         00000000400212018453000000000000000000000000060609122126/400212000000000400212018453111221000000001700004100377  000000000000000000000000000000000000000000000000000000000000000000000000000000000000001700000000000000000000000000000   101221             00000000000000                                                                  000044
1021903727600017200000260206200016896                         00000000400222894154000000000000000000000000060609122126/400222800000000400222894154121221000000000800065500001  000000000000000000000000000000000000000000000000000000000000000000000000000000000000000800000000000000000000000000000   101221             00000000000000                                                                  000045
1021903727600017200000260206200016896                         00000000400233355468000000000000000000000000060609122126/400233300000000400233355468101221000000000800065500001  000000000000000000000000000000000000000000000000000000000000000000000000000000000000000800000000000000000000000000000   101221             00000000000000                                                                  000046
1021903727600017200000260206200016896                         00000000400238832906000000000000000000000000060609122126/400238800000000400238832906101221000000000800065500001  000000000000000000000000000000000000000000000000000000000000000000000000000000000000000800000000000000000000000000000   101221             00000000000000                                                                  000047
1021903727600017200000260206200016896                         00000000400241691094000000000000000000000000060609122126/400241600000000400241691094101221000000000800065500001  000000000000000000000000000000000000000000000000000000000000000000000000000000000000000800000000000000000000000000000   101221             00000000000000                                                                  000048
1021903727600017200000260206200016896                         00000000400244693020000000000000000000000000060609122126/400244600000000400244693020121221000000012000007700001  000000000000000000000000000000000000000000000000000000000000000000000000000000000000012000000000000000000000000000000   101221             00000000000000                                                                  000049
1021903727600017200000260206200016896                         00000000400258702316000000000000000000000000060609122126/400258700000000400258702316121221000000004800007000264  000000000000000000000000000000000000000000000000000000000000000000000000000000000000004800000000000000000000000000000   101221             00000000000000                                                                  000050
1021903727600017200000260206200016896                         00000000400302474032000000000000000000000000060609122126/400302400000000400302474032101221000000000800075600259  000000000000000000000000000000000000000000000000000000000000000000000000000000000000000800000000000000000000000000000   101221             00000000000000                                                                  000051
1021903727600017200000260206200016896                         00000000400319518661000000000000000000000000060609122126/400319500000000400319518661121221000000000800065500001  000000000000000000000000000000000000000000000000000000000000000000000000000000000000000800000000000000000000000000000   101221             00000000000000                                                                  000052
1021903727600017200000260206200016896                         00000000400335323498000000000000000000000000060609122126/400335300000000400335323498101221000000000800065500001  000000000000000000000000000000000000000000000000000000000000000000000000000000000000000800000000000000000000000000000   101221             00000000000000                                                                  000053
1021903727600017200000260206200016896                         0000000040033937092P000000000000000000000000060609122126/40033930000000040033937092P101221000000000810075600259  000000000000000000000000000000000000000000000000000000000000000000000000000000000000000810000000000000000000000000000   101221             00000000000000                                                                  000054
1021903727600017200000260206200016896                         00000000400357114388000000000000000000000000060609122126/400357100000000400357114388101221000000000800065500001  000000000000000000000000000000000000000000000000000000000000000000000000000000000000000800000000000000000000000000000   101221             00000000000000                                                                  000055
1021903727600017200000260206200016896                         00000000400374216828000000000000000000000000060609122126/400374200000000400374216828121221000000005240065500001  000000000000000000000000000000000000000000000000000000000000000000000000000000000000005240000000000000000000000000000   101221             00000000000000                                                                  000056
1021903727600017200000260206200016896                         00000000400409640873000000000000000000000000060609122126/400409600000000400409640873101221000000007000026000001  000000000000000000000000000000000000000000000000000000000000000000000000000000000000007000000000000000000000000000000   101221             00000000000000                                                                  000057
1021903727600017200000260206200016896                         00000000400413792815000000000000000000000000060609122126/400413700000000400413792815101221000000000800065500001  000000000000000000000000000000000000000000000000000000000000000000000000000000000000000800000000000000000000000000000   101221             00000000000000                                                                  000058
1021903727600017200000260206200016896                         00000000400416569696000000000000000000000000060609122126/400416500000000400416569696121221000000099000033600001  000000000000000000000000000000000000000000000000000000000000000000000000000000000000099000000000000000000000000000000   101221             00000000000000                                                                  000059
1021903727600017200000260206200016896                         00000000400441185355000000000000000000000000060609122126/400441100000000400441185355121221000000007000021200001  000000000000000000000000000000000000000000000000000000000000000000000000000000000000007000000000000000000000000000000   101221             00000000000000                                                                  000060
1021903727600017200000260206200016896                         00000000400471040181000000000000000000000000060609122126/400471000000000400471040181121221000000000800065500001  000000000000000000000000000000000000000000000000000000000000000000000000000000000000000800000000000000000000000000000   101221             00000000000000                                                                  000061
1021903727600017200000260206200016896                         00000000400474313413000000000000000000000000060609122126/400474300000000400474313413121221000000000800075604327  000000000000000000000000000000000000000000000000000000000000000000000000000000000000000800000000000000000000000000000   101221             00000000000000                                                                  000062
1021903727600017200000260206200016896                         00000000400475445720000000000000000000000000060609122126/400475400000000400475445720121221000000000800065500001  000000000000000000000000000000000000000000000000000000000000000000000000000000000000000800000000000000000000000000000   101221             00000000000000                                                                  000063
1021903727600017200000260206200016896                         00000000400489790684000000000000000000000000060609122126/400489700000000400489790684091221000000150000034103311  000000000000000000000000000000000000000000000000000000000000000000000000000000000000150000000000000000000000000000000   101221             00000000000000                                                                  000064
1021903727600017200000260206200016896                         00000000400503369458000000000000000000000000060609122126/400503300000000400503369458121221000000000800065500001  000000000000000000000000000000000000000000000000000000000000000000000000000000000000000800000000000000000000000000000   101221             00000000000000                                                                  000065
1021903727600017200000260206200016896                         00000000400517203722000000000000000000000000060609122126/400517200000000400517203722121221000000008210010400362  000000000000000000000000000000000000000000000000000000000000000000000000000000000000008210000000000000000000000000000   101221             00000000000000                                                                  000066
1021903727600017200000260206200016896                         00000000400587179470000000000000000000000000060609122126/400587100000000400587179470121221000000012000010403850  000000000000000000000000000000000000000000000000000000000000000000000000000000000000012000000000000000000000000000000   101221             00000000000000                                                                  000067
1021903727600017200000260206200016896                         00000000400609529055000000000000000000000000060609122126/400609500000000400609529055101221000000000800065500001  000000000000000000000000000000000000000000000000000000000000000000000000000000000000000800000000000000000000000000000   101221             00000000000000                                                                  000068
1021903727600017200000260206200016896                         00000000400628803877000000000000000000000000060609122126/400628800000000400628803877121221000000002000023701296  000000000000000000000000000000000000000000000000000000000000000000000000000000000000002000000000000000000000000000000   101221             00000000000000                                                                  000069
1021903727600017200000260206200016896                         0000000040063256481P000000000000000000000000060609122126/40063250000000040063256481P121221000000012000074808142  000000000000000000000000000000000000000000000000000000000000000000000000000000000000012000000000000000000000000000000   101221             00000000000000                                                                  000070
1021903727600017200000260206200016896                         00000000400640632794000000000000000000000000060609122126/400640600000000400640632794121221000000000800065500001  000000000000000000000000000000000000000000000000000000000000000000000000000000000000000800000000000000000000000000000   101221             00000000000000                                                                  000071
1021903727600017200000260206200016896                         00000000400689907349000000000000000000000000060609122126/400689900000000400689907349121221000000000800065500001  000000000000000000000000000000000000000000000000000000000000000000000000000000000000000800000000000000000000000000000   101221             00000000000000                                                                  000072
1021903727600017200000260206200016896                         00000000400705014384000000000000000000000000060609122126/400705000000000400705014384121221000000000800065500001  000000000000000000000000000000000000000000000000000000000000000000000000000000000000000800000000000000000000000000000   101221             00000000000000                                                                  000073
1021903727600017200000260206200016896                         00000000400727541132000000000000000000000000060609122126/400727500000000400727541132101221000000000800065500001  000000000000000000000000000000000000000000000000000000000000000000000000000000000000000800000000000000000000000000000   101221             00000000000000                                                                  000074
1021903727600017200000260206200016896                         00000000400754382151000000000000000000000000060609122126/400754300000000400754382151121221000000003800075604327  000000000000000000000000000000000000000000000000000000000000000000000000000000000000003800000000000000000000000000000   101221             00000000000000                                                                  000075
1021903727600017200000260206200016896                         00000000400787611008000000000000000000000000060609122126/400787600000000400787611008101221000000000800065500001  000000000000000000000000000000000000000000000000000000000000000000000000000000000000000800000000000000000000000000000   101221             00000000000000                                                                  000076
1021903727600017200000260206200016896                         00000000400852561218000000000000000000000000060609122126/400852500000000400852561218121221000000003000075604327  000000000000000000000000000000000000000000000000000000000000000000000000000000000000003000000000000000000000000000000   101221             00000000000000                                                                  000077
1021903727600017200000260206200016896                         00000000400858659473000000000000000000000000060609122126/400858600000000400858659473101221000000000800065500001  000000000000000000000000000000000000000000000000000000000000000000000000000000000000000800000000000000000000000000000   101221             00000000000000                                                                  000078
1021903727600017200000260206200016896                         00000000400858774841000000000000000000000000060609122126/400858700000000400858774841121221000000000800065500001  000000000000000000000000000000000000000000000000000000000000000000000000000000000000000800000000000000000000000000000   101221             00000000000000                                                                  000079
1021903727600017200000260206200016896                         00000000400885197953000000000000000000000000060609122126/400885100000000400885197953101221000000000800065500001  000000000000000000000000000000000000000000000000000000000000000000000000000000000000000800000000000000000000000000000   101221             00000000000000                                                                  000080
1021903727600017200000260206200016896                         00000000400921285872000000000000000000000000060609122126/400921200000000400921285872111221000000004000000101292  000000000000000000000000000000000000000000000000000000000000000000000000000000000000004000000000000000000000000000000   101221             00000000000000                                                                  000081
1021903727600017200000260206200016896                         00000000400943370822000000000000000000000000060609122126/400943300000000400943370822101221000000000800065500001  000000000000000000000000000000000000000000000000000000000000000000000000000000000000000800000000000000000000000000000   101221             00000000000000                                                                  000082
1021903727600017200000260206200016896                         00000000200289899771000000000000000000000000061009122126/200289800000000200289899771091021000000000319923700000  000000000000000000000000000000000000000000000000000000000000000000000000000000000000000000000000000000000000000000000                          1600000000                                                                  000083
1021903727600017200000260206200016896                         0000000020043616491P000000000000000000000000061009122126/20043610000000020043616491P091021000000001642623700000  000000000000000000000000000000000000000000000000000000000000000000000000000000000000000000000000000000000000000000000                          1600000000                                                                  000084
1021903727600017200000260206200016896                         00000000200449215424000000000000000000000000061009122126/200449200000000200449215424091021000000000321123700000  000000000000000000000000000000000000000000000000000000000000000000000000000000000000000000000000000000000000000000000                          1600000000                                                                  000085
1021903727600017200000260206200016896                         00000000400138495538000000000000000000000000061009122126/400138400000000400138495538091021000000001530023700000  000000000000000000000000000000000000000000000000000000000000000000000000000000000000000000000000000000000000000000000                          1600000000                                                                  000086
1021903727600017200000260206200016896                         00000000400610249090000000000000000000000000061009122126/400610200000000400610249090091021000000000820023700000  000000000000000000000000000000000000000000000000000000000000000000000000000000000000000000000000000000000000000000000                          1600000000                                                                  000087
9201237          000003570000000909739600000825          00036000003468860000003633600000450000036336000000500000004633600000000000000000000000000000000000000000000000000000000000000000000                                                                                                                                                                              00000000000000000000000         000088
