02RETORNO01COBRANCA       00000000000005034448E-PREPAG ADMINISTRADORA DE CAR237BRADESCO       0912220160000001076                                                                                                                                                                                                                                                                          121222         000001
1021903727600017200000260206200016896                         00000000200217181752000000000000000000000000060209122226/200217100000000200217181752121222000000000564423704602  000000000008200000000000000000000000000000000000000000000000000000000000000000000000000000000000000000000000000000000                          0000000000                                                                  000002
1021903727600017200000260206200016896                         00000000200309061680000000000000000000000000060209122226/200309000000000200309061680121222000000000940623704400  000000000008200000000000000000000000000000000000000000000000000000000000000000000000000000000000000000000000000000000                          7600000000                                                                  000003
1021903727600017200000260206200016896                         00000000200491433393000000000000000000000000060209122226/200491400000000200491433393121222000000001034723704151  000000000008200000000000000000000000000000000000000000000000000000000000000000000000000000000000000000000000000000000                          0000000000                                                                  000004
1021903727600017200000260206200016896                         00000000200544731316000000000000000000000000060209122226/200544700000000200544731316121222000000000564423704602  000000000008200000000000000000000000000000000000000000000000000000000000000000000000000000000000000000000000000000000                          0000000000                                                                  000005
1021903727600017200000260206200016896                         00000000200581370463000000000000000000000000060209122226/200581300000000200581370463121222000000000333423704151  000000000000000000000000000000000000000000000000000000000000000000000000000000000000000000000000000000000000000000000                          7600000000                                                                  000006
1021903727600017200000260206200016896                         00000000200702107781000000000000000000000000060209122226/200702100000000200702107781121222000000000627123704151  000000000008200000000000000000000000000000000000000000000000000000000000000000000000000000000000000000000000000000000                          0000000000                                                                  000007
1021903727600017200000260206200016896                         00000000200864749787000000000000000000000000060209122226/200864700000000200864749787121222000000000627123704424  000000000000000000000000000000000000000000000000000000000000000000000000000000000000000000000000000000000000000000000                          7600000000                                                                  000008
1021903727600017200000260206200016896                         00000000200873485830000000000000000000000000060209122226/200873400000000200873485830121222000000001254223704400  000000000008200000000000000000000000000000000000000000000000000000000000000000000000000000000000000000000000000000000                          0000000000                                                                  000009
1021903727600017200000260206200016896                         00000000200881383338000000000000000000000000060209122226/200881300000000200881383338121222000000001097423704400  000000000008200000000000000000000000000000000000000000000000000000000000000000000000000000000000000000000000000000000                          7600000000                                                                  000010
1021903727600017200000260206200016896                         00000000200960109594000000000000000000000000060209122226/200960100000000200960109594121222000000000627123704151  000000000008200000000000000000000000000000000000000000000000000000000000000000000000000000000000000000000000000000000                          0000000000                                                                  000011
1021903727600017200000260206200016896                         00000000400031242149000000000000000000000000060209122226/400031200000000400031242149121222000000002500023704422  000000000008200000000000000000000000000000000000000000000000000000000000000000000000000000000000000000000000000000000                          0000000000                                                                  000012
1021903727600017200000260206200016896                         00000000400097887604000000000000000000000000060209122226/400097800000000400097887604121222000000003500023704154  000000000008200000000000000000000000000000000000000000000000000000000000000000000000000000000000000000000000000000000                          0000000000                                                                  000013
1021903727600017200000260206200016896                         0000000040013821749P000000000000000000000000060209122226/40013820000000040013821749P121222000000000800023704158  000000000008200000000000000000000000000000000000000000000000000000000000000000000000000000000000000000000000000000000                          0000000000                                                                  000014
1021903727600017200000260206200016896                         00000000400804920532000000000000000000000000060209122226/400804900000000400804920532121222000000002700023704159  000000000008200000000000000000000000000000000000000000000000000000000000000000000000000000000000000000000000000000000                          0000000000                                                                  000015
1021903727600017200000260206200016896                         00000000400852739238000000000000000000000000060209122226/400852700000000400852739238121222000000008700023704143  000000000008200000000000000000000000000000000000000000000000000000000000000000000000000000000000000000000000000000000                          7600000000                                                                  000016
1021903727600017200000260206200016896                         00000000400907610094000000000000000000000000060209122226/400907600000000400907610094121222000000003000023700140  000000000008200000000000000000000000000000000000000000000000000000000000000000000000000000000000000000000000000000000                          0000000000                                                                  000017
1021903727600017200000260206200016896                         00000000200864749787000000000000000000000000060609122226/200864700000000200864749787121222000000000627123703812  000000000000000000000000000000000000000000000000000000000000000000000000000000000000000627100000000000000000000000000   121222             00000000000000                                                                  000018
1021903727600017200000260206200016896                         00000000200873485830000000000000000000000000060609122226/200873400000000200873485830121222000000001254223702736  000000000000000000000000000000000000000000000000000000000000000000000000000000000000001254200000000000000000000000000   121222             00000000000000                                                                  000019
1021903727600017200000260206200016896                         00000000200881383338000000000000000000000000060609122226/200881300000000200881383338121222000000001097407000354  000000000000000000000000000000000000000000000000000000000000000000000000000000000000001097400000000000000000000000000   121222             00000000000000                                                                  000020
1021903727600017200000260206200016896                         00000000400031242149000000000000000000000000060609122226/400031200000000400031242149121222000000002500010402089  000000000000000000000000000000000000000000000000000000000000000000000000000000000000002500000000000000000000000000000   121222             00000000000000                                                                  000021
1021903727600017200000260206200016896                         00000000400097887604000000000000000000000000060609122226/400097800000000400097887604121222000000003500010400721  000000000000000000000000000000000000000000000000000000000000000000000000000000000000003500000000000000000000000000000   121222             00000000000000                                                                  000022
1021903727600017200000260206200016896                         0000000040013821749P000000000000000000000000060609122226/40013820000000040013821749P121222000000000800023700365  000000000000000000000000000000000000000000000000000000000000000000000000000000000000000800000000000000000000000000000   121222             00000000000000                                                                  000023
1021903727600017200000260206200016896                         00000000400804920532000000000000000000000000060609122226/400804900000000400804920532121222000000002700075604327  000000000000000000000000000000000000000000000000000000000000000000000000000000000000002700000000000000000000000000000   121222             00000000000000                                                                  000024
1021903727600017200000260206200016896                         00000000400907610094000000000000000000000000060609122226/400907600000000400907610094121222000000003000075604327  000000000000000000000000000000000000000000000000000000000000000000000000000000000000003000000000000000000000000000000   121222             00000000000000                                                                  000025
9201237          000001030000000707789300001076          00016000000288704000000154787000080000001547870000000000000000000000000000000000000000000000000000000000000000000000000000000000000                                                                                                                                                                              00000000000000000000000         000026
