02RETORNO01COBRANCA       00000000000005034448E-PREPAG ADMINISTRADORA DE CAR237BRADESCO       1002230160000001120                                                                                                                                                                                                                                                                          130223         000001
1021903727600017200000260206200016896                         00000000200155091182000000000000000000000000060210022326/200155000000000200155091182130223000000000500023704422  000000000000000000000000000000000000000000000000000000000000000000000000000000000000000000000000000000000000000000000                          0000000000                                                                  000002
1021903727600017200000260206200016896                         00000000200831560476000000000000000000000000060210022326/200831500000000200831560476130223000000000500023704422  000000000000000000000000000000000000000000000000000000000000000000000000000000000000000000000000000000000000000000000                          0000000000                                                                  000003
1021903727600017200000260206200016896                         00000000400642917389000000000000000000000000060210022326/400642900000000400642917389130223000000000800023704274  000000000008200000000000000000000000000000000000000000000000000000000000000000000000000000000000000000000000000000000                          0000000000                                                                  000004
1021903727600017200000260206200016896                         00000000200952732029000000000000000000000000060610022326/200952700000000200952732029110223000000000623710400478  000000000000000000000000000000000000000000000000000000000000000000000000000000000000000623700000000000000000000000000   130223             00000000000000                                                                  000005
1021903727600017200000260206200016896                         00000000400006692318000000000000000000000000060610022326/400006600000000400006692318120223000000000800065500001  000000000000000000000000000000000000000000000000000000000000000000000000000000000000000800000000000000000000000000000   130223             00000000000000                                                                  000006
1021903727600017200000260206200016896                         0000000040015518046P000000000000000000000000060610022326/40015510000000040015518046P120223000000000800065500001  000000000000000000000000000000000000000000000000000000000000000000000000000000000000000800000000000000000000000000000   130223             00000000000000                                                                  000007
1021903727600017200000260206200016896                         00000000400188065801000000000000000000000000060610022326/400188000000000400188065801120223000000000800065500001  000000000000000000000000000000000000000000000000000000000000000000000000000000000000000800000000000000000000000000000   130223             00000000000000                                                                  000008
1021903727600017200000260206200016896                         00000000400264694546000000000000000000000000060610022326/400264600000000400264694546120223000000000800065500001  000000000000000000000000000000000000000000000000000000000000000000000000000000000000000800000000000000000000000000000   130223             00000000000000                                                                  000009
1021903727600017200000260206200016896                         00000000400291859751000000000000000000000000060610022326/400291800000000400291859751120223000000000800065500001  000000000000000000000000000000000000000000000000000000000000000000000000000000000000000800000000000000000000000000000   130223             00000000000000                                                                  000010
1021903727600017200000260206200016896                         00000000400306172367000000000000000000000000060610022326/400306100000000400306172367120223000000000800065500001  000000000000000000000000000000000000000000000000000000000000000000000000000000000000000800000000000000000000000000000   130223             00000000000000                                                                  000011
1021903727600017200000260206200016896                         00000000400313500973000000000000000000000000060610022326/400313500000000400313500973120223000000000800065500001  000000000000000000000000000000000000000000000000000000000000000000000000000000000000000800000000000000000000000000000   130223             00000000000000                                                                  000012
1021903727600017200000260206200016896                         00000000400423711643000000000000000000000000060610022326/400423700000000400423711643120223000000000800065500001  000000000000000000000000000000000000000000000000000000000000000000000000000000000000000800000000000000000000000000000   130223             00000000000000                                                                  000013
1021903727600017200000260206200016896                         00000000400707203052000000000000000000000000060610022326/400707200000000400707203052120223000000000800065500001  000000000000000000000000000000000000000000000000000000000000000000000000000000000000000800000000000000000000000000000   130223             00000000000000                                                                  000014
1021903727600017200000260206200016896                         00000000400766528933000000000000000000000000060610022326/400766500000000400766528933120223000000000800065500001  000000000000000000000000000000000000000000000000000000000000000000000000000000000000000800000000000000000000000000000   130223             00000000000000                                                                  000015
1021903727600017200000260206200016896                         00000000400821100611000000000000000000000000060610022326/400821100000000400821100611120223000000000800065500001  000000000000000000000000000000000000000000000000000000000000000000000000000000000000000800000000000000000000000000000   130223             00000000000000                                                                  000016
1021903727600017200000260206200016896                         00000000400824704895000000000000000000000000060610022326/400824700000000400824704895120223000000000800065500001  000000000000000000000000000000000000000000000000000000000000000000000000000000000000000800000000000000000000000000000   130223             00000000000000                                                                  000017
1021903727600017200000260206200016896                         00000000400879542894000000000000000000000000060610022326/400879500000000400879542894120223000000000800065500001  000000000000000000000000000000000000000000000000000000000000000000000000000000000000000800000000000000000000000000000   130223             00000000000000                                                                  000018
1021903727600017200000260206200016896                         00000000400949766337000000000000000000000000060610022326/400949700000000400949766337120223000000000800065500001  000000000000000000000000000000000000000000000000000000000000000000000000000000000000000800000000000000000000000000000   130223             00000000000000                                                                  000019
1021903727600017200000260206200016896                         00000000400968564230000000000000000000000000060610022326/400968500000000400968564230120223000000000800065500001  000000000000000000000000000000000000000000000000000000000000000000000000000000000000000800000000000000000000000000000   130223             00000000000000                                                                  000020
1021903727600017200000260206200016896                         00000000200878878652000000000000000000000000061010022326/200878800000000200878878652111222000000000333423700000  000000000000000000000000000000000000000000000000000000000000000000000000000000000000000000000000000000000000000000000                          1600000000                                                                  000021
1021903727600017200000260206200016896                         00000000200909902573000000000000000000000000061010022326/200909900000000200909902573111222000000000191723700000  000000000000000000000000000000000000000000000000000000000000000000000000000000000000000000000000000000000000000000000                          1600000000                                                                  000022
1021903727600017200000260206200016896                         0000000020097929967P000000000000000000000000061010022326/20097920000000020097929967P111222000000000936923700000  000000000000000000000000000000000000000000000000000000000000000000000000000000000000000000000000000000000000000000000                          1600000000                                                                  000023
9201237          000001080000000281248700001120          00003000000018000000000126237000160000001262370000300000001462000000000000000000000000000000000000000000000000000000000000000000000                                                                                                                                                                              00000000000000000000000         000024
