02RETORNO01COBRANCA       00000000000005034448E-PREPAG ADMINISTRADORA DE CAR237BRADESCO       1002220160000000869                                                                                                                                                                                                                                                                          110222         000001
1021903727600017200000260206200016896                         00000000200272684488000000000000000000000000060210022226/200272600000000200272684488130222000000001568323704452  000000000008200000000000000000000000000000000000000000000000000000000000000000000000000000000000000000000000000000000                          0000000000                                                                  000002
1021903727600017200000260206200016896                         0000000020079861798P000000000000000000000000060210022226/20079860000000020079861798P130222000000000500023704151  000000000008200000000000000000000000000000000000000000000000000000000000000000000000000000000000000000000000000000000                          0000000000                                                                  000003
1021903727600017200000260206200016896                         00000000400203576494000000000000000000000000060210022226/400203500000000400203576494130222000000003000023700140  000000000008200000000000000000000000000000000000000000000000000000000000000000000000000000000000000000000000000000000                          0000000000                                                                  000004
1021903727600017200000260206200016896                         00000000400271215807000000000000000000000000060210022226/400271200000000400271215807130222000000003500023700140  000000000008200000000000000000000000000000000000000000000000000000000000000000000000000000000000000000000000000000000                          0000000000                                                                  000005
1021903727600017200000260206200016896                         00000000400298102168000000000000000000000000060210022226/400298100000000400298102168130222000000000800023700140  000000000008200000000000000000000000000000000000000000000000000000000000000000000000000000000000000000000000000000000                          0000000000                                                                  000006
1021903727600017200000260206200016896                         00000000400316492068000000000000000000000000060210022226/400316400000000400316492068130222000000001670023704159  000000000008200000000000000000000000000000000000000000000000000000000000000000000000000000000000000000000000000000000                          0000000000                                                                  000007
1021903727600017200000260206200016896                         00000000400788711227000000000000000000000000060210022226/400788700000000400788711227130222000000012000023704400  000000000008200000000000000000000000000000000000000000000000000000000000000000000000000000000000000000000000000000000                          0000000000                                                                  000008
1021903727600017200000260206200016896                         00000000400846225044000000000000000000000000060210022226/400846200000000400846225044130222000000004000023700321  000000000008200000000000000000000000000000000000000000000000000000000000000000000000000000000000000000000000000000000                          0000000000                                                                  000009
1021903727600017200000260206200016896                         0000000020030430884P000000000000000000000000060610022226/20030430000000020030430884P120222000000000631210400478  000000000000000000000000000000000000000000000000000000000000000000000000000000000000000631200000000000000000000000000   110222             00000000000000                                                                  000010
1021903727600017200000260206200016896                         0000000020079861798P000000000000000000000000060610022226/20079860000000020079861798P130222000000000500010400249  000000000000000000000000000000000000000000000000000000000000000000000000000000000000000500000000000000000000000000000   110222             00000000000000                                                                  000011
1021903727600017200000260206200016896                         00000000400203576494000000000000000000000000060610022226/400203500000000400203576494130222000000003000075604327  000000000000000000000000000000000000000000000000000000000000000000000000000000000000003000000000000000000000000000000   110222             00000000000000                                                                  000012
1021903727600017200000260206200016896                         00000000400271215807000000000000000000000000060610022226/400271200000000400271215807130222000000003500008100001  000000000000000000000000000000000000000000000000000000000000000000000000000000000000003500000000000000000000000000000   110222             00000000000000                                                                  000013
1021903727600017200000260206200016896                         00000000400298102168000000000000000000000000060610022226/400298100000000400298102168130222000000000800010403189  000000000000000000000000000000000000000000000000000000000000000000000000000000000000000800000000000000000000000000000   110222             00000000000000                                                                  000014
1021903727600017200000260206200016896                         00000000400316492068000000000000000000000000060610022226/400316400000000400316492068130222000000001670075604327  000000000000000000000000000000000000000000000000000000000000000000000000000000000000001670000000000000000000000000000   110222             00000000000000                                                                  000015
1021903727600017200000260206200016896                         00000000400332001066000000000000000000000000060610022226/400332000000000400332001066100222000000150000000103478  000000000000000000000000000000000000000000000000000000000000000000000000000000000000150000000000000000000000000000000   110222             00000000000000                                                                  000016
1021903727600017200000260206200016896                         00000000400846225044000000000000000000000000060610022226/400846200000000400846225044130222000000004000010401859  000000000000000000000000000000000000000000000000000000000000000000000000000000000000004000000000000000000000000000000   110222             00000000000000                                                                  000017
1021903727600017200000260206200016896                         00000000400886210503000000000000000000000000060610022226/400886200000000400886210503110222000000000800075604327  000000000000000000000000000000000000000000000000000000000000000000000000000000000000000800000000000000000000000000000   110222             00000000000000                                                                  000018
1021903727600017200000260206200016896                         00000000400120405914000000000000000000000000061010022226/400120400000000400120405914111221000000000800023700000  000000000000000000000000000000000000000000000000000000000000000000000000000000000000000000000000000000000000000000000                          1600000000                                                                  000019
1021903727600017200000260206200016896                         0000000040034036559P000000000000000000000000061010022226/40034030000000040034036559P111221000000000800023700000  000000000000000000000000000000000000000000000000000000000000000000000000000000000000000000000000000000000000000000000                          1600000000                                                                  000020
1021903727600017200000260206200016896                         00000000400685631594000000000000000000000000061010022226/400685600000000400685631594111221000000003000023700000  000000000000000000000000000000000000000000000000000000000000000000000000000000000000000000000000000000000000000000000                          1600000000                                                                  000021
1021903727600017200000260206200016896                         00000000400917679378000000000000000000000000061010022226/400917600000000400917679378111221000000005910023700000  000000000000000000000000000000000000000000000000000000000000000000000000000000000000000000000000000000000000000000000                          1600000000                                                                  000022
9201237          000003080000001417402700000869          00008000000270383000001649012000090000016490120000400000010510000000000000000000000000000000000000000000000000000000000000000000000                                                                                                                                                                              00000000000000000000000         000023
