02RETORNO01COBRANCA       00000000000005034448E-PREPAG ADMINISTRADORA DE CAR237BRADESCO       1011210160000000805                                                                                                                                                                                                                                                                          111121         000001
1021903727600017200000260206200016896                         00000000100031908194000000000000000000000000060210112126/100031900000000100031908194111121000000000285023704400  000000000008200000000000000000000000000000000000000000000000000000000000000000000000000000000000000000000000000000000                          0000000000                                                                  000002
1021903727600017200000260206200016896                         00000000200117788838000000000000000000000000060210112126/200117700000000200117788838131121000000001150523704424  000000000008200000000000000000000000000000000000000000000000000000000000000000000000000000000000000000000000000000000                          0000000000                                                                  000003
1021903727600017200000260206200016896                         00000000200596355436000000000000000000000000060210112126/200596300000000200596355436131121000000000800023704151  000000000008200000000000000000000000000000000000000000000000000000000000000000000000000000000000000000000000000000000                          7600000000                                                                  000004
1021903727600017200000260206200016896                         00000000200992663143000000000000000000000000060210112126/200992600000000200992663143131121000000000309823704424  000000000008200000000000000000000000000000000000000000000000000000000000000000000000000000000000000000000000000000000                          7600000000                                                                  000005
1021903727600017200000260206200016896                         00000000400083864261000000000000000000000000060210112126/400083800000000400083864261131121000000000800023704159  000000000008200000000000000000000000000000000000000000000000000000000000000000000000000000000000000000000000000000000                          0000000000                                                                  000006
1021903727600017200000260206200016896                         00000000400139806537000000000000000000000000060210112126/400139800000000400139806537131121000000000800023704159  000000000008200000000000000000000000000000000000000000000000000000000000000000000000000000000000000000000000000000000                          0000000000                                                                  000007
1021903727600017200000260206200016896                         0000000040013987530P000000000000000000000000060210112126/40013980000000040013987530P131121000000000800023704159  000000000008200000000000000000000000000000000000000000000000000000000000000000000000000000000000000000000000000000000                          0000000000                                                                  000008
1021903727600017200000260206200016896                         00000000400153401566000000000000000000000000060210112126/400153400000000400153401566131121000000002500023704159  000000000008200000000000000000000000000000000000000000000000000000000000000000000000000000000000000000000000000000000                          0000000000                                                                  000009
1021903727600017200000260206200016896                         00000000400292459374000000000000000000000000060210112126/400292400000000400292459374131121000000000800023704422  000000000008200000000000000000000000000000000000000000000000000000000000000000000000000000000000000000000000000000000                          0000000000                                                                  000010
1021903727600017200000260206200016896                         0000000040034274380P000000000000000000000000060210112126/40034270000000040034274380P131121000000000800023704143  000000000008200000000000000000000000000000000000000000000000000000000000000000000000000000000000000000000000000000000                          0000000000                                                                  000011
1021903727600017200000260206200016896                         00000000400343454984000000000000000000000000060210112126/400343400000000400343454984131121000000000800023704159  000000000008200000000000000000000000000000000000000000000000000000000000000000000000000000000000000000000000000000000                          0000000000                                                                  000012
1021903727600017200000260206200016896                         00000000400361351963000000000000000000000000060210112126/400361300000000400361351963131121000000002000023704452  000000000008200000000000000000000000000000000000000000000000000000000000000000000000000000000000000000000000000000000                          0000000000                                                                  000013
1021903727600017200000260206200016896                         00000000400362873874000000000000000000000000060210112126/400362800000000400362873874131121000000003000023702062  000000000008200000000000000000000000000000000000000000000000000000000000000000000000000000000000000000000000000000000                          0000000000                                                                  000014
1021903727600017200000260206200016896                         00000000400374765317000000000000000000000000060210112126/400374700000000400374765317131121000000000800023704159  000000000008200000000000000000000000000000000000000000000000000000000000000000000000000000000000000000000000000000000                          0000000000                                                                  000015
1021903727600017200000260206200016896                         00000000400409468574000000000000000000000000060210112126/400409400000000400409468574131121000000000800023704159  000000000008200000000000000000000000000000000000000000000000000000000000000000000000000000000000000000000000000000000                          0000000000                                                                  000016
1021903727600017200000260206200016896                         00000000400420425178000000000000000000000000060210112126/400420400000000400420425178131121000000000800023704159  000000000008200000000000000000000000000000000000000000000000000000000000000000000000000000000000000000000000000000000                          0000000000                                                                  000017
1021903727600017200000260206200016896                         00000000400434656458000000000000000000000000060210112126/400434600000000400434656458131121000000000800023704159  000000000008200000000000000000000000000000000000000000000000000000000000000000000000000000000000000000000000000000000                          0000000000                                                                  000018
1021903727600017200000260206200016896                         00000000400444996125000000000000000000000000060210112126/400444900000000400444996125131121000000007380023702062  000000000008200000000000000000000000000000000000000000000000000000000000000000000000000000000000000000000000000000000                          0000000000                                                                  000019
1021903727600017200000260206200016896                         0000000040045584890P000000000000000000000000060210112126/40045580000000040045584890P131121000000005200023700321  000000000008200000000000000000000000000000000000000000000000000000000000000000000000000000000000000000000000000000000                          0000000000                                                                  000020
1021903727600017200000260206200016896                         00000000400482733316000000000000000000000000060210112126/400482700000000400482733316131121000000000800023704159  000000000008200000000000000000000000000000000000000000000000000000000000000000000000000000000000000000000000000000000                          0000000000                                                                  000021
1021903727600017200000260206200016896                         00000000400530717956000000000000000000000000060210112126/400530700000000400530717956131121000000000800023704159  000000000008200000000000000000000000000000000000000000000000000000000000000000000000000000000000000000000000000000000                          0000000000                                                                  000022
1021903727600017200000260206200016896                         00000000400622419471000000000000000000000000060210112126/400622400000000400622419471131121000000000800023704159  000000000008200000000000000000000000000000000000000000000000000000000000000000000000000000000000000000000000000000000                          0000000000                                                                  000023
1021903727600017200000260206200016896                         00000000400639255847000000000000000000000000060210112126/400639200000000400639255847131121000000010500023704452  000000000008200000000000000000000000000000000000000000000000000000000000000000000000000000000000000000000000000000000                          0000000000                                                                  000024
1021903727600017200000260206200016896                         00000000400652587808000000000000000000000000060210112126/400652500000000400652587808131121000000005250023704143  000000000008200000000000000000000000000000000000000000000000000000000000000000000000000000000000000000000000000000000                          7600000000                                                                  000025
1021903727600017200000260206200016896                         00000000400664590960000000000000000000000000060210112126/400664500000000400664590960131121000000003000023704151  000000000008200000000000000000000000000000000000000000000000000000000000000000000000000000000000000000000000000000000                          0000000000                                                                  000026
1021903727600017200000260206200016896                         00000000400666104540000000000000000000000000060210112126/400666100000000400666104540131121000000005500023704157  000000000008200000000000000000000000000000000000000000000000000000000000000000000000000000000000000000000000000000000                          0000000000                                                                  000027
1021903727600017200000260206200016896                         00000000400670068664000000000000000000000000060210112126/400670000000000400670068664131121000000000800023704159  000000000008200000000000000000000000000000000000000000000000000000000000000000000000000000000000000000000000000000000                          0000000000                                                                  000028
1021903727600017200000260206200016896                         00000000400738501191000000000000000000000000060210112126/400738500000000400738501191131121000000000800023704159  000000000008200000000000000000000000000000000000000000000000000000000000000000000000000000000000000000000000000000000                          0000000000                                                                  000029
1021903727600017200000260206200016896                         0000000040075498643P000000000000000000000000060210112126/40075490000000040075498643P131121000000000800023704159  000000000008200000000000000000000000000000000000000000000000000000000000000000000000000000000000000000000000000000000                          0000000000                                                                  000030
1021903727600017200000260206200016896                         00000000400756941441000000000000000000000000060210112126/400756900000000400756941441131121000000004600023704157  000000000008200000000000000000000000000000000000000000000000000000000000000000000000000000000000000000000000000000000                          0000000000                                                                  000031
1021903727600017200000260206200016896                         00000000400774472092000000000000000000000000060210112126/400774400000000400774472092131121000000000800023704159  000000000008200000000000000000000000000000000000000000000000000000000000000000000000000000000000000000000000000000000                          0000000000                                                                  000032
1021903727600017200000260206200016896                         00000000400817692121000000000000000000000000060210112126/400817600000000400817692121131121000000000800023704159  000000000008200000000000000000000000000000000000000000000000000000000000000000000000000000000000000000000000000000000                          0000000000                                                                  000033
1021903727600017200000260206200016896                         00000000400896011525000000000000000000000000060210112126/400896000000000400896011525131121000000000800023704159  000000000008200000000000000000000000000000000000000000000000000000000000000000000000000000000000000000000000000000000                          0000000000                                                                  000034
1021903727600017200000260206200016896                         0000000040091388564P000000000000000000000000060210112126/40091380000000040091388564P131121000000000800023704159  000000000008200000000000000000000000000000000000000000000000000000000000000000000000000000000000000000000000000000000                          0000000000                                                                  000035
1021903727600017200000260206200016896                         00000000400926937029000000000000000000000000060210112126/400926900000000400926937029131121000000000800023704159  000000000008200000000000000000000000000000000000000000000000000000000000000000000000000000000000000000000000000000000                          0000000000                                                                  000036
1021903727600017200000260206200016896                         0000000040097217563P000000000000000000000000060210112126/40097210000000040097217563P131121000000005000023704602  000000000008200000000000000000000000000000000000000000000000000000000000000000000000000000000000000000000000000000000                          0000000000                                                                  000037
1021903727600017200000260206200016896                         00000000400982454898000000000000000000000000060210112126/400982400000000400982454898131121000000001380023700320  000000000008200000000000000000000000000000000000000000000000000000000000000000000000000000000000000000000000000000000                          0000000000                                                                  000038
1021903727600017200000260206200016896                         00000000400985461690000000000000000000000000060210112126/400985400000000400985461690131121000000002500023700153  000000000008200000000000000000000000000000000000000000000000000000000000000000000000000000000000000000000000000000000                          0000000000                                                                  000039
1021903727600017200000260206200016896                         00000000400986157480000000000000000000000000060210112126/400986100000000400986157480131121000000005000023704159  000000000008200000000000000000000000000000000000000000000000000000000000000000000000000000000000000000000000000000000                          0000000000                                                                  000040
1021903727600017200000260206200016896                         00000000600541987652000000000000000000000000060210112126/600541900000000600541987652131121000000000249923704424  000000000008200000000000000000000000000000000000000000000000000000000000000000000000000000000000000000000000000000000                          0000000000                                                                  000041
1021903727600017200000260206200016896                         00000000400654390629000000000000000000000000060310112126/400654300000000400654390629121121000000001000023700320  000000000000000000000000000000000000000000000000000000000000000000000000000000000000000000000000000000000000000000000                          0900000000                                                                  000042
1021903727600017200000260206200016896                         00000000100031908194000000000000000000000000060610112126/100031900000000100031908194111121000000000285026000001  000000000000000000000000000000000000000000000000000000000000000000000000000000000000000285000000000000000000000000000   111121             00000000000000                                                                  000043
1021903727600017200000260206200016896                         00000000200117788838000000000000000000000000060610112126/200117700000000200117788838131121000000001150500103329  000000000000000000000000000000000000000000000000000000000000000000000000000000000000001150500000000000000000000000000   111121             00000000000000                                                                  000044
1021903727600017200000260206200016896                         00000000200188165629000000000000000000000000060610112126/200188100000000200188165629111121000000000665110400478  000000000000000000000000000000000000000000000000000000000000000000000000000000000000000665100000000000000000000000000   111121             00000000000000                                                                  000045
1021903727600017200000260206200016896                         00000000200596355436000000000000000000000000060610112126/200596300000000200596355436131121000000000800063300001  000000000000000000000000000000000000000000000000000000000000000000000000000000000000000800000000000000000000000000000   111121             00000000000000                                                                  000046
1021903727600017200000260206200016896                         00000000200811832844000000000000000000000000060610112126/200811800000000200811832844121121000000000119963300001  000000000000000000000000000000000000000000000000000000000000000000000000000000000000000119900000000000000000000000000   111121             00000000000000                                                                  000047
1021903727600017200000260206200016896                         00000000400083864261000000000000000000000000060610112126/400083800000000400083864261131121000000000800065500001  000000000000000000000000000000000000000000000000000000000000000000000000000000000000000800000000000000000000000000000   111121             00000000000000                                                                  000048
1021903727600017200000260206200016896                         00000000400139806537000000000000000000000000060610112126/400139800000000400139806537131121000000000800065500001  000000000000000000000000000000000000000000000000000000000000000000000000000000000000000800000000000000000000000000000   111121             00000000000000                                                                  000049
1021903727600017200000260206200016896                         0000000040013987530P000000000000000000000000060610112126/40013980000000040013987530P131121000000000800065500001  000000000000000000000000000000000000000000000000000000000000000000000000000000000000000800000000000000000000000000000   111121             00000000000000                                                                  000050
1021903727600017200000260206200016896                         00000000400231107351000000000000000000000000060610112126/400231100000000400231107351121121000000004000000101292  000000000000000000000000000000000000000000000000000000000000000000000000000000000000004000000000000000000000000000000   111121             00000000000000                                                                  000051
1021903727600017200000260206200016896                         00000000400292459374000000000000000000000000060610112126/400292400000000400292459374131121000000000800000103192  000000000000000000000000000000000000000000000000000000000000000000000000000000000000000800000000000000000000000000000   111121             00000000000000                                                                  000052
1021903727600017200000260206200016896                         0000000040034274380P000000000000000000000000060610112126/40034270000000040034274380P131121000000000800008501054  000000000000000000000000000000000000000000000000000000000000000000000000000000000000000800000000000000000000000000000   111121             00000000000000                                                                  000053
1021903727600017200000260206200016896                         00000000400343454984000000000000000000000000060610112126/400343400000000400343454984131121000000000800065500001  000000000000000000000000000000000000000000000000000000000000000000000000000000000000000800000000000000000000000000000   111121             00000000000000                                                                  000054
1021903727600017200000260206200016896                         00000000400361351963000000000000000000000000060610112126/400361300000000400361351963131121000000002000010401563  000000000000000000000000000000000000000000000000000000000000000000000000000000000000002000000000000000000000000000000   111121             00000000000000                                                                  000055
1021903727600017200000260206200016896                         00000000400362873874000000000000000000000000060610112126/400362800000000400362873874131121000000003000010403016  000000000000000000000000000000000000000000000000000000000000000000000000000000000000003000000000000000000000000000000   111121             00000000000000                                                                  000056
1021903727600017200000260206200016896                         00000000400374765317000000000000000000000000060610112126/400374700000000400374765317131121000000000800065500001  000000000000000000000000000000000000000000000000000000000000000000000000000000000000000800000000000000000000000000000   111121             00000000000000                                                                  000057
1021903727600017200000260206200016896                         00000000400409468574000000000000000000000000060610112126/400409400000000400409468574131121000000000800065500001  000000000000000000000000000000000000000000000000000000000000000000000000000000000000000800000000000000000000000000000   111121             00000000000000                                                                  000058
1021903727600017200000260206200016896                         00000000400420425178000000000000000000000000060610112126/400420400000000400420425178131121000000000800065500001  000000000000000000000000000000000000000000000000000000000000000000000000000000000000000800000000000000000000000000000   111121             00000000000000                                                                  000059
1021903727600017200000260206200016896                         00000000400434656458000000000000000000000000060610112126/400434600000000400434656458131121000000000800065500001  000000000000000000000000000000000000000000000000000000000000000000000000000000000000000800000000000000000000000000000   111121             00000000000000                                                                  000060
1021903727600017200000260206200016896                         00000000400444996125000000000000000000000000060610112126/400444900000000400444996125131121000000007380010402257  000000000000000000000000000000000000000000000000000000000000000000000000000000000000007380000000000000000000000000000   111121             00000000000000                                                                  000061
1021903727600017200000260206200016896                         0000000040045584890P000000000000000000000000060610112126/40045580000000040045584890P131121000000005200010401859  000000000000000000000000000000000000000000000000000000000000000000000000000000000000005200000000000000000000000000000   111121             00000000000000                                                                  000062
1021903727600017200000260206200016896                         00000000400530717956000000000000000000000000060610112126/400530700000000400530717956131121000000000800065500001  000000000000000000000000000000000000000000000000000000000000000000000000000000000000000800000000000000000000000000000   111121             00000000000000                                                                  000063
1021903727600017200000260206200016896                         0000000040054167681P000000000000000000000000060610112126/40054160000000040054167681P111121000000002650075601396  000000000000000000000000000000000000000000000000000000000000000000000000000000000000002650000000000000000000000000000   111121             00000000000000                                                                  000064
1021903727600017200000260206200016896                         00000000400622419471000000000000000000000000060610112126/400622400000000400622419471131121000000000800065500001  000000000000000000000000000000000000000000000000000000000000000000000000000000000000000800000000000000000000000000000   111121             00000000000000                                                                  000065
1021903727600017200000260206200016896                         00000000400639255847000000000000000000000000060610112126/400639200000000400639255847131121000000010500010401089  000000000000000000000000000000000000000000000000000000000000000000000000000000000000010500000000000000000000000000000   111121             00000000000000                                                                  000066
1021903727600017200000260206200016896                         00000000400652587808000000000000000000000000060610112126/400652500000000400652587808131121000000005250010401070  000000000000000000000000000000000000000000000000000000000000000000000000000000000000005250000000000000000000000000000   111121             00000000000000                                                                  000067
1021903727600017200000260206200016896                         00000000400664590960000000000000000000000000060610112126/400664500000000400664590960131121000000003000010400280  000000000000000000000000000000000000000000000000000000000000000000000000000000000000003000000000000000000000000000000   111121             00000000000000                                                                  000068
1021903727600017200000260206200016896                         00000000400666104540000000000000000000000000060610112126/400666100000000400666104540131121000000005500021200001  000000000000000000000000000000000000000000000000000000000000000000000000000000000000005500000000000000000000000000000   111121             00000000000000                                                                  000069
1021903727600017200000260206200016896                         00000000400738501191000000000000000000000000060610112126/400738500000000400738501191131121000000000800065500001  000000000000000000000000000000000000000000000000000000000000000000000000000000000000000800000000000000000000000000000   111121             00000000000000                                                                  000070
1021903727600017200000260206200016896                         00000000400756941441000000000000000000000000060610112126/400756900000000400756941441131121000000004600063300001  000000000000000000000000000000000000000000000000000000000000000000000000000000000000004600000000000000000000000000000   111121             00000000000000                                                                  000071
1021903727600017200000260206200016896                         00000000400774472092000000000000000000000000060610112126/400774400000000400774472092131121000000000800065500001  000000000000000000000000000000000000000000000000000000000000000000000000000000000000000800000000000000000000000000000   111121             00000000000000                                                                  000072
1021903727600017200000260206200016896                         00000000400817692121000000000000000000000000060610112126/400817600000000400817692121131121000000000800065500001  000000000000000000000000000000000000000000000000000000000000000000000000000000000000000800000000000000000000000000000   111121             00000000000000                                                                  000073
1021903727600017200000260206200016896                         00000000400926937029000000000000000000000000060610112126/400926900000000400926937029131121000000000800065500001  000000000000000000000000000000000000000000000000000000000000000000000000000000000000000800000000000000000000000000000   111121             00000000000000                                                                  000074
1021903727600017200000260206200016896                         0000000040097217563P000000000000000000000000060610112126/40097210000000040097217563P131121000000005000000101694  000000000000000000000000000000000000000000000000000000000000000000000000000000000000005000000000000000000000000000000   111121             00000000000000                                                                  000075
1021903727600017200000260206200016896                         00000000400985461690000000000000000000000000060610112126/400985400000000400985461690131121000000002500023705889  000000000000000000000000000000000000000000000000000000000000000000000000000000000000002500000000000000000000000000000   111121             00000000000000                                                                  000076
1021903727600017200000260206200016896                         00000000600541987652000000000000000000000000060610112126/600541900000000600541987652131121000000000249934109926  000000000000000000000000000000000000000000000000000000000000000000000000000000000000000249900000000000000000000000000   111121             00000000000000                                                                  000077
1021903727600017200000260206200016896                         00000000200176377124000000000000000000000000061010112126/200176300000000200176377124100921000000000269923700000  000000000000000000000000000000000000000000000000000000000000000000000000000000000000000000000000000000000000000000000                          1600000000                                                                  000078
1021903727600017200000260206200016896                         00000000200844621946000000000000000000000000061010112126/200844600000000200844621946100921000000000049923700000  000000000000000000000000000000000000000000000000000000000000000000000000000000000000000000000000000000000000000000000                          1600000000                                                                  000079
1021903727600017200000260206200016896                         00000000400146258073000000000000000000000000061010112126/400146200000000400146258073100921000000001000023700000  000000000000000000000000000000000000000000000000000000000000000000000000000000000000000000000000000000000000000000000                          1600000000                                                                  000080
1021903727600017200000260206200016896                         00000000400764638863000000000000000000000000061010112126/400764600000000400764638863100921000000006000023700000  000000000000000000000000000000000000000000000000000000000000000000000000000000000000000000000000000000000000000000000                          1600000000                                                                  000081
1021903727600017200000260206200016896                         00000000600360675071000000000000000000000000061010112126/600360600000000600360675071100921000000000269923700000  000000000000000000000000000000000000000000000000000000000000000000000000000000000000000000000000000000000000000000000                          1600000000                                                                  000082
9201237          000003540000000854463700000805          00040000000824052000000766504000350000007665040000500000007589700000000000000000000000000000000000000000000000000000000000000000000                                                                                                                                                                              00000000000000000000000         000083
