02RETORNO01COBRANCA       00000000000005034448E-PREPAG ADMINISTRADORA DE CAR237BRADESCO       1012210160000000826                                                                                                                                                                                                                                                                          131221         000001
1021903727600017200000260206200016896                         00000000200139959202000000000000000000000000060210122126/200139900000000200139959202131221000000000049923704424  000000000008200000000000000000000000000000000000000000000000000000000000000000000000000000000000000000000000000000000                          0000000000                                                                  000002
1021903727600017200000260206200016896                         00000000200144185894000000000000000000000000060210122126/200144100000000200144185894131221000000000669023704426  000000000008200000000000000000000000000000000000000000000000000000000000000000000000000000000000000000000000000000000                          0000000000                                                                  000003
1021903727600017200000260206200016896                         00000000200189468323000000000000000000000000060210122126/200189400000000200189468323131221000000001002923704151  000000000000000000000000000000000000000000000000000000000000000000000000000000000000000000000000000000000000000000000                          7600000000                                                                  000004
1021903727600017200000260206200016896                         00000000200242704778000000000000000000000000060210122126/200242700000000200242704778131221000000001003523704151  000000000008200000000000000000000000000000000000000000000000000000000000000000000000000000000000000000000000000000000                          7600000000                                                                  000005
1021903727600017200000260206200016896                         00000000200554028036000000000000000000000000060210122126/200554000000000200554028036131221000000000354423704452  000000000008200000000000000000000000000000000000000000000000000000000000000000000000000000000000000000000000000000000                          0000000000                                                                  000006
1021903727600017200000260206200016896                         0000000020056296249P000000000000000000000000060210122126/20056290000000020056296249P131221000000000269923704144  000000000008200000000000000000000000000000000000000000000000000000000000000000000000000000000000000000000000000000000                          7600000000                                                                  000007
1021903727600017200000260206200016896                         00000000200680780606000000000000000000000000060210122126/200680700000000200680780606131221000000000500023704436  000000000008200000000000000000000000000000000000000000000000000000000000000000000000000000000000000000000000000000000                          7600000000                                                                  000008
1021903727600017200000260206200016896                         00000000200708403803000000000000000000000000060210122126/200708400000000200708403803131221000000000269923704424  000000000008200000000000000000000000000000000000000000000000000000000000000000000000000000000000000000000000000000000                          0000000000                                                                  000009
1021903727600017200000260206200016896                         00000000200743845320000000000000000000000000060210122126/200743800000000200743845320131221000000000669023704147  000000000008200000000000000000000000000000000000000000000000000000000000000000000000000000000000000000000000000000000                          7600000000                                                                  000010
1021903727600017200000260206200016896                         00000000200955500692000000000000000000000000060210122126/200955500000000200955500692131221000000000269923704424  000000000008200000000000000000000000000000000000000000000000000000000000000000000000000000000000000000000000000000000                          0000000000                                                                  000011
1021903727600017200000260206200016896                         00000000400010012615000000000000000000000000060210122126/400010000000000400010012615131221000000001500023704143  000000000008200000000000000000000000000000000000000000000000000000000000000000000000000000000000000000000000000000000                          0000000000                                                                  000012
1021903727600017200000260206200016896                         00000000400034182562000000000000000000000000060210122126/400034100000000400034182562131221000000001000023704422  000000000008200000000000000000000000000000000000000000000000000000000000000000000000000000000000000000000000000000000                          0000000000                                                                  000013
1021903727600017200000260206200016896                         00000000400075298818000000000000000000000000060210122126/400075200000000400075298818131221000000001000023704424  000000000008200000000000000000000000000000000000000000000000000000000000000000000000000000000000000000000000000000000                          0000000000                                                                  000014
1021903727600017200000260206200016896                         00000000400115895407000000000000000000000000060210122126/400115800000000400115895407131221000000003890023704158  000000000008200000000000000000000000000000000000000000000000000000000000000000000000000000000000000000000000000000000                          0000000000                                                                  000015
1021903727600017200000260206200016896                         00000000400155066543000000000000000000000000060210122126/400155000000000400155066543131221000000002000023704426  000000000008200000000000000000000000000000000000000000000000000000000000000000000000000000000000000000000000000000000                          0000000000                                                                  000016
1021903727600017200000260206200016896                         00000000400202494044000000000000000000000000060210122126/400202400000000400202494044131221000000007100023704157  000000000008200000000000000000000000000000000000000000000000000000000000000000000000000000000000000000000000000000000                          0000000000                                                                  000017
1021903727600017200000260206200016896                         00000000400204541090000000000000000000000000060210122126/400204500000000400204541090131221000000000840023702062  000000000008200000000000000000000000000000000000000000000000000000000000000000000000000000000000000000000000000000000                          0000000000                                                                  000018
1021903727600017200000260206200016896                         00000000400252662010000000000000000000000000060210122126/400252600000000400252662010131221000000009400023704157  000000000008200000000000000000000000000000000000000000000000000000000000000000000000000000000000000000000000000000000                          0000000000                                                                  000019
1021903727600017200000260206200016896                         00000000400277451685000000000000000000000000060210122126/400277400000000400277451685131221000000010000023704144  000000000008200000000000000000000000000000000000000000000000000000000000000000000000000000000000000000000000000000000                          0000000000                                                                  000020
1021903727600017200000260206200016896                         00000000400296380519000000000000000000000000060210122126/400296300000000400296380519131221000000000830023702062  000000000008200000000000000000000000000000000000000000000000000000000000000000000000000000000000000000000000000000000                          0000000000                                                                  000021
1021903727600017200000260206200016896                         00000000400298049666000000000000000000000000060210122126/400298000000000400298049666131221000000010000023700153  000000000008200000000000000000000000000000000000000000000000000000000000000000000000000000000000000000000000000000000                          0000000000                                                                  000022
1021903727600017200000260206200016896                         00000000400313169371000000000000000000000000060210122126/400313100000000400313169371131221000000006500023704157  000000000008200000000000000000000000000000000000000000000000000000000000000000000000000000000000000000000000000000000                          0000000000                                                                  000023
1021903727600017200000260206200016896                         00000000400335819418000000000000000000000000060210122126/400335800000000400335819418131221000000005000023704159  000000000008200000000000000000000000000000000000000000000000000000000000000000000000000000000000000000000000000000000                          0000000000                                                                  000024
1021903727600017200000260206200016896                         00000000400355105403000000000000000000000000060210122126/400355100000000400355105403131221000000000820023702062  000000000008200000000000000000000000000000000000000000000000000000000000000000000000000000000000000000000000000000000                          0000000000                                                                  000025
1021903727600017200000260206200016896                         00000000400361023990000000000000000000000000060210122126/400361000000000400361023990131221000000005000023704143  000000000008200000000000000000000000000000000000000000000000000000000000000000000000000000000000000000000000000000000                          0000000000                                                                  000026
1021903727600017200000260206200016896                         00000000400369269123000000000000000000000000060210122126/400369200000000400369269123131221000000004000023700140  000000000008200000000000000000000000000000000000000000000000000000000000000000000000000000000000000000000000000000000                          0000000000                                                                  000027
1021903727600017200000260206200016896                         00000000400376198827000000000000000000000000060210122126/400376100000000400376198827131221000000000810023702062  000000000008200000000000000000000000000000000000000000000000000000000000000000000000000000000000000000000000000000000                          0000000000                                                                  000028
1021903727600017200000260206200016896                         00000000400415116671000000000000000000000000060210122126/400415100000000400415116671131221000000002000023704422  000000000008200000000000000000000000000000000000000000000000000000000000000000000000000000000000000000000000000000000                          7600000000                                                                  000029
1021903727600017200000260206200016896                         00000000400418082476000000000000000000000000060210122126/400418000000000400418082476131221000000006500023704157  000000000008200000000000000000000000000000000000000000000000000000000000000000000000000000000000000000000000000000000                          0000000000                                                                  000030
1021903727600017200000260206200016896                         00000000400426116517000000000000000000000000060210122126/400426100000000400426116517131221000000009050023704154  000000000008200000000000000000000000000000000000000000000000000000000000000000000000000000000000000000000000000000000                          0000000000                                                                  000031
1021903727600017200000260206200016896                         00000000400583242275000000000000000000000000060210122126/400583200000000400583242275131221000000005000023704157  000000000008200000000000000000000000000000000000000000000000000000000000000000000000000000000000000000000000000000000                          0000000000                                                                  000032
1021903727600017200000260206200016896                         00000000400610612551000000000000000000000000060210122126/400610600000000400610612551131221000000001800023704158  000000000008200000000000000000000000000000000000000000000000000000000000000000000000000000000000000000000000000000000                          0000000000                                                                  000033
1021903727600017200000260206200016896                         00000000400659934228000000000000000000000000060210122126/400659900000000400659934228131221000000000800023702062  000000000008200000000000000000000000000000000000000000000000000000000000000000000000000000000000000000000000000000000                          0000000000                                                                  000034
1021903727600017200000260206200016896                         0000000040077486375P000000000000000000000000060210122126/40077480000000040077486375P131221000000002000023704143  000000000008200000000000000000000000000000000000000000000000000000000000000000000000000000000000000000000000000000000                          0000000000                                                                  000035
1021903727600017200000260206200016896                         00000000400809792559000000000000000000000000060210122126/400809700000000400809792559131221000000099000023704151  000000000008200000000000000000000000000000000000000000000000000000000000000000000000000000000000000000000000000000000                          7600000000                                                                  000036
1021903727600017200000260206200016896                         00000000400839265650000000000000000000000000060210122126/400839200000000400839265650131221000000003000023704151  000000000008200000000000000000000000000000000000000000000000000000000000000000000000000000000000000000000000000000000                          0000000000                                                                  000037
1021903727600017200000260206200016896                         00000000400958074561000000000000000000000000060210122126/400958000000000400958074561131221000000004000023704152  000000000008200000000000000000000000000000000000000000000000000000000000000000000000000000000000000000000000000000000                          0000000000                                                                  000038
1021903727600017200000260206200016896                         00000000400976916901000000000000000000000000060210122126/400976900000000400976916901131221000000001500023704400  000000000008200000000000000000000000000000000000000000000000000000000000000000000000000000000000000000000000000000000                          0000000000                                                                  000039
1021903727600017200000260206200016896                         00000000400985733321000000000000000000000000060210122126/400985700000000400985733321131221000000003500023704159  000000000008200000000000000000000000000000000000000000000000000000000000000000000000000000000000000000000000000000000                          0000000000                                                                  000040
1021903727600017200000260206200016896                         00000000200144185894000000000000000000000000060610122126/200144100000000200144185894131221000000000669010400439  000000000000000000000000000000000000000000000000000000000000000000000000000000000000000669000000000000000000000000000   131221             00000000000000                                                                  000041
1021903727600017200000260206200016896                         00000000200189468323000000000000000000000000060610122126/200189400000000200189468323131221000000001002934100525  000000000000000000000000000000000000000000000000000000000000000000000000000000000000001002900000000000000000000000000   131221             00000000000000                                                                  000042
1021903727600017200000260206200016896                         00000000200554028036000000000000000000000000060610122126/200554000000000200554028036131221000000000354407700001  000000000000000000000000000000000000000000000000000000000000000000000000000000000000000354400000000000000000000000000   131221             00000000000000                                                                  000043
1021903727600017200000260206200016896                         0000000020056296249P000000000000000000000000060610122126/20056290000000020056296249P131221000000000269910401445  000000000000000000000000000000000000000000000000000000000000000000000000000000000000000269900000000000000000000000000   131221             00000000000000                                                                  000044
1021903727600017200000260206200016896                         00000000200841076688000000000000000000000000060610122126/200841000000000200841076688121221000000001106263300001  000000000000000000000000000000000000000000000000000000000000000000000000000000000000001106200000000000000000000000000   131221             00000000000000                                                                  000045
1021903727600017200000260206200016896                         00000000200906743296000000000000000000000000060610122126/200906700000000200906743296111221000000000674110400478  000000000000000000000000000000000000000000000000000000000000000000000000000000000000000674100000000000000000000000000   131221             00000000000000                                                                  000046
1021903727600017200000260206200016896                         00000000200955500692000000000000000000000000060610122126/200955500000000200955500692131221000000000269910400934  000000000000000000000000000000000000000000000000000000000000000000000000000000000000000269900000000000000000000000000   131221             00000000000000                                                                  000047
1021903727600017200000260206200016896                         00000000400034182562000000000000000000000000060610122126/400034100000000400034182562131221000000001000010402089  000000000000000000000000000000000000000000000000000000000000000000000000000000000000001000000000000000000000000000000   131221             00000000000000                                                                  000048
1021903727600017200000260206200016896                         00000000400075298818000000000000000000000000060610122126/400075200000000400075298818131221000000001000023700509  000000000000000000000000000000000000000000000000000000000000000000000000000000000000001000000000000000000000000000000   131221             00000000000000                                                                  000049
1021903727600017200000260206200016896                         00000000400115895407000000000000000000000000060610122126/400115800000000400115895407131221000000003890010400407  000000000000000000000000000000000000000000000000000000000000000000000000000000000000003890000000000000000000000000000   131221             00000000000000                                                                  000050
1021903727600017200000260206200016896                         00000000400155066543000000000000000000000000060610122126/400155000000000400155066543131221000000002000010403711  000000000000000000000000000000000000000000000000000000000000000000000000000000000000002000000000000000000000000000000   131221             00000000000000                                                                  000051
1021903727600017200000260206200016896                         00000000400202494044000000000000000000000000060610122126/400202400000000400202494044131221000000007100007700001  000000000000000000000000000000000000000000000000000000000000000000000000000000000000007100000000000000000000000000000   131221             00000000000000                                                                  000052
1021903727600017200000260206200016896                         00000000400204541090000000000000000000000000060610122126/400204500000000400204541090131221000000000840075604327  000000000000000000000000000000000000000000000000000000000000000000000000000000000000000840000000000000000000000000000   131221             00000000000000                                                                  000053
1021903727600017200000260206200016896                         00000000400252662010000000000000000000000000060610122126/400252600000000400252662010131221000000009400010400389  000000000000000000000000000000000000000000000000000000000000000000000000000000000000009400000000000000000000000000000   131221             00000000000000                                                                  000054
1021903727600017200000260206200016896                         00000000400277451685000000000000000000000000060610122126/400277400000000400277451685131221000000010000010400570  000000000000000000000000000000000000000000000000000000000000000000000000000000000000010000000000000000000000000000000   131221             00000000000000                                                                  000055
1021903727600017200000260206200016896                         00000000400296380519000000000000000000000000060610122126/400296300000000400296380519131221000000000830075604327  000000000000000000000000000000000000000000000000000000000000000000000000000000000000000830000000000000000000000000000   131221             00000000000000                                                                  000056
1021903727600017200000260206200016896                         00000000400298049666000000000000000000000000060610122126/400298000000000400298049666131221000000010000023705889  000000000000000000000000000000000000000000000000000000000000000000000000000000000000010000000000000000000000000000000   131221             00000000000000                                                                  000057
1021903727600017200000260206200016896                         00000000400313169371000000000000000000000000060610122126/400313100000000400313169371131221000000006500010400389  000000000000000000000000000000000000000000000000000000000000000000000000000000000000006500000000000000000000000000000   131221             00000000000000                                                                  000058
1021903727600017200000260206200016896                         00000000400335819418000000000000000000000000060610122126/400335800000000400335819418131221000000005000000100922  000000000000000000000000000000000000000000000000000000000000000000000000000000000000005000000000000000000000000000000   131221             00000000000000                                                                  000059
1021903727600017200000260206200016896                         00000000400355105403000000000000000000000000060610122126/400355100000000400355105403131221000000000820075604327  000000000000000000000000000000000000000000000000000000000000000000000000000000000000000820000000000000000000000000000   131221             00000000000000                                                                  000060
1021903727600017200000260206200016896                         00000000400361023990000000000000000000000000060610122126/400361000000000400361023990131221000000005000010400627  000000000000000000000000000000000000000000000000000000000000000000000000000000000000005000000000000000000000000000000   131221             00000000000000                                                                  000061
1021903727600017200000260206200016896                         00000000400369269123000000000000000000000000060610122126/400369200000000400369269123131221000000004000075604327  000000000000000000000000000000000000000000000000000000000000000000000000000000000000004000000000000000000000000000000   131221             00000000000000                                                                  000062
1021903727600017200000260206200016896                         00000000400376198827000000000000000000000000060610122126/400376100000000400376198827131221000000000810075604327  000000000000000000000000000000000000000000000000000000000000000000000000000000000000000810000000000000000000000000000   131221             00000000000000                                                                  000063
1021903727600017200000260206200016896                         00000000400415116671000000000000000000000000060610122126/400415100000000400415116671131221000000002000075602274  000000000000000000000000000000000000000000000000000000000000000000000000000000000000002000000000000000000000000000000   131221             00000000000000                                                                  000064
1021903727600017200000260206200016896                         00000000400418082476000000000000000000000000060610122126/400418000000000400418082476131221000000006500026000001  000000000000000000000000000000000000000000000000000000000000000000000000000000000000006500000000000000000000000000000   131221             00000000000000                                                                  000065
1021903727600017200000260206200016896                         00000000400426116517000000000000000000000000060610122126/400426100000000400426116517131221000000009050010400721  000000000000000000000000000000000000000000000000000000000000000000000000000000000000009050000000000000000000000000000   131221             00000000000000                                                                  000066
1021903727600017200000260206200016896                         00000000400583242275000000000000000000000000060610122126/400583200000000400583242275131221000000005000023700424  000000000000000000000000000000000000000000000000000000000000000000000000000000000000005000000000000000000000000000000   131221             00000000000000                                                                  000067
1021903727600017200000260206200016896                         00000000400610612551000000000000000000000000060610122126/400610600000000400610612551131221000000001800000102020  000000000000000000000000000000000000000000000000000000000000000000000000000000000000001800000000000000000000000000000   131221             00000000000000                                                                  000068
1021903727600017200000260206200016896                         00000000400659934228000000000000000000000000060610122126/400659900000000400659934228131221000000000800075604327  000000000000000000000000000000000000000000000000000000000000000000000000000000000000000800000000000000000000000000000   131221             00000000000000                                                                  000069
1021903727600017200000260206200016896                         0000000040077486375P000000000000000000000000060610122126/40077480000000040077486375P131221000000002000008501037  000000000000000000000000000000000000000000000000000000000000000000000000000000000000002000000000000000000000000000000   131221             00000000000000                                                                  000070
1021903727600017200000260206200016896                         00000000400809792559000000000000000000000000060610122126/400809700000000400809792559131221000000099000063300001  000000000000000000000000000000000000000000000000000000000000000000000000000000000000099000000000000000000000000000000   131221             00000000000000                                                                  000071
1021903727600017200000260206200016896                         00000000400839265650000000000000000000000000060610122126/400839200000000400839265650131221000000003000010400280  000000000000000000000000000000000000000000000000000000000000000000000000000000000000003000000000000000000000000000000   131221             00000000000000                                                                  000072
1021903727600017200000260206200016896                         00000000400935687043000000000000000000000000060610122126/400935600000000400935687043121221000000150000034103311  000000000000000000000000000000000000000000000000000000000000000000000000000000000000150000000000000000000000000000000   131221             00000000000000                                                                  000073
1021903727600017200000260206200016896                         00000000400958074561000000000000000000000000060610122126/400958000000000400958074561131221000000004000023700536  000000000000000000000000000000000000000000000000000000000000000000000000000000000000004000000000000000000000000000000   131221             00000000000000                                                                  000074
1021903727600017200000260206200016896                         00000000400976916901000000000000000000000000060610122126/400976900000000400976916901131221000000001500010402738  000000000000000000000000000000000000000000000000000000000000000000000000000000000000001500000000000000000000000000000   131221             00000000000000                                                                  000075
1021903727600017200000260206200016896                         00000000400985733321000000000000000000000000060610122126/400985700000000400985733321131221000000003500075604327  000000000000000000000000000000000000000000000000000000000000000000000000000000000000003500000000000000000000000000000   131221             00000000000000                                                                  000076
1021903727600017200000260206200016896                         00000000200206102575000000000000000000000000061010122126/200206100000000200206102575101021000000000097423700000  000000000000000000000000000000000000000000000000000000000000000000000000000000000000000000000000000000000000000000000                          1600000000                                                                  000077
1021903727600017200000260206200016896                         00000000200753748811000000000000000000000000061010122126/200753700000000200753748811101021000000000216223700000  000000000000000000000000000000000000000000000000000000000000000000000000000000000000000000000000000000000000000000000                          1600000000                                                                  000078
1021903727600017200000260206200016896                         00000000400289265747000000000000000000000000061010122126/400289200000000400289265747101021000000000800023700000  000000000000000000000000000000000000000000000000000000000000000000000000000000000000000000000000000000000000000000000                          1600000000                                                                  000079
1021903727600017200000260206200016896                         00000000400300405475000000000000000000000000061010122126/400300400000000400300405475101021000000002000023700000  000000000000000000000000000000000000000000000000000000000000000000000000000000000000000000000000000000000000000000000                          1600000000                                                                  000080
1021903727600017200000260206200016896                         00000000400414104513000000000000000000000000061010122126/400414100000000400414104513101021000000001500023700000  000000000000000000000000000000000000000000000000000000000000000000000000000000000000000000000000000000000000000000000                          1600000000                                                                  000081
1021903727600017200000260206200016896                         00000000400580616972000000000000000000000000061010122126/400580600000000400580616972101021000000000800023700000  000000000000000000000000000000000000000000000000000000000000000000000000000000000000000000000000000000000000000000000                          1600000000                                                                  000082
1021903727600017200000260206200016896                         00000000600630430424000000000000000000000000061010122126/600630400000000600630430424101021000000000269923700000  000000000000000000000000000000000000000000000000000000000000000000000000000000000000000000000000000000000000000000000                          1600000000                                                                  000083
9201237          000003530000000756268100000826          00039000002128984000003606864000360000036068640000700000005683500000000000000000000000000000000000000000000000000000000000000000000                                                                                                                                                                              00000000000000000000000         000084
