02RETORNO01COBRANCA       00000000000005034448E-PREPAG ADMINISTRADORA DE CAR237BRADESCO       1003230160000001138                                                                                                                                                                                                                                                                          130323         000001
1021903727600017200000260206200016896                         00000000200398455921000000000000000000000000060210032326/200398400000000200398455921130323000000002325623704151  000000000008200000000000000000000000000000000000000000000000000000000000000000000000000000000000000000000000000000000                          0000000000                                                                  000002
1021903727600017200000260206200016896                         0000000040024320641P000000000000000000000000060210032326/40024320000000040024320641P130323000000001600023704143  000000000008200000000000000000000000000000000000000000000000000000000000000000000000000000000000000000000000000000000                          7600000000                                                                  000003
1021903727600017200000260206200016896                         0000000040024320641P000000000000000000000000060610032326/40024320000000040024320641P130323000000001600010403850  000000000000000000000000000000000000000000000000000000000000000000000000000000000000001600000000000000000000000000000   130323             00000000000000                                                                  000004
9201237          000000570000000074544400001138          00002000000039256000000016000000010000000160000000000000000000000000000000000000000000000000000000000000000000000000000000000000000                                                                                                                                                                              00000000000000000000000         000005
