02RETORNO01COBRANCA       00000000000005034448E-PREPAG ADMINISTRADORA DE CAR237BRADESCO       1001220160000000846                                                                                                                                                                                                                                                                          110122         000001
1021903727600017200000260206200016896                         00000000100032437411000000000000000000000000060210012226/100032400000000100032437411110122000000018281723704602  000000000008200000000000000000000000000000000000000000000000000000000000000000000000000000000000000000000000000000000                          0000000000                                                                  000002
1021903727600017200000260206200016896                         00000000100032441095000000000000000000000000060210012226/100032400000000100032441095110122000000000529223704152  000000000008200000000000000000000000000000000000000000000000000000000000000000000000000000000000000000000000000000000                          0000000000                                                                  000003
1021903727600017200000260206200016896                         00000000100032445228000000000000000000000000060210012226/100032400000000100032445228110122000000000325823704436  000000000008200000000000000000000000000000000000000000000000000000000000000000000000000000000000000000000000000000000                          0000000000                                                                  000004
1021903727600017200000260206200016896                         00000000100032450817000000000000000000000000060210012226/100032400000000100032450817110122000000000466023704144  000000000008200000000000000000000000000000000000000000000000000000000000000000000000000000000000000000000000000000000                          7600000000                                                                  000005
1021903727600017200000260206200016896                         00000000100032460162000000000000000000000000060210012226/100032400000000100032460162110122000000001395023704151  000000000008200000000000000000000000000000000000000000000000000000000000000000000000000000000000000000000000000000000                          0000000000                                                                  000006
1021903727600017200000260206200016896                         00000000100032460871000000000000000000000000060210012226/100032400000000100032460871110122000000001585123704400  000000000008200000000000000000000000000000000000000000000000000000000000000000000000000000000000000000000000000000000                          0000000000                                                                  000007
1021903727600017200000260206200016896                         00000000200117254825000000000000000000000000060210012226/200117200000000200117254825120122000000001014523700140  000000000008200000000000000000000000000000000000000000000000000000000000000000000000000000000000000000000000000000000                          7600000000                                                                  000008
1021903727600017200000260206200016896                         00000000200182345579000000000000000000000000060210012226/200182300000000200182345579120122000000002367123704154  000000000008200000000000000000000000000000000000000000000000000000000000000000000000000000000000000000000000000000000                          0000000000                                                                  000009
1021903727600017200000260206200016896                         00000000200527010915000000000000000000000000060210012226/200527000000000200527010915130122000000000399923704157  000000000008200000000000000000000000000000000000000000000000000000000000000000000000000000000000000000000000000000000                          0000000000                                                                  000010
1021903727600017200000260206200016896                         00000000200549751463000000000000000000000000060210012226/200549700000000200549751463110122000000000217223704436  000000000008200000000000000000000000000000000000000000000000000000000000000000000000000000000000000000000000000000000                          0000000000                                                                  000011
1021903727600017200000260206200016896                         00000000200580629404000000000000000000000000060210012226/200580600000000200580629404110122000000000500023704452  000000000008200000000000000000000000000000000000000000000000000000000000000000000000000000000000000000000000000000000                          7600000000                                                                  000012
1021903727600017200000260206200016896                         00000000200614407392000000000000000000000000060210012226/200614400000000200614407392130122000000001689823704159  000000000008200000000000000000000000000000000000000000000000000000000000000000000000000000000000000000000000000000000                          0000000000                                                                  000013
1021903727600017200000260206200016896                         00000000200648396543000000000000000000000000060210012226/200648300000000200648396543120122000000000319923704426  000000000008200000000000000000000000000000000000000000000000000000000000000000000000000000000000000000000000000000000                          0000000000                                                                  000014
1021903727600017200000260206200016896                         00000000200657072378000000000000000000000000060210012226/200657000000000200657072378120122000000000507223704274  000000000008200000000000000000000000000000000000000000000000000000000000000000000000000000000000000000000000000000000                          0000000000                                                                  000015
1021903727600017200000260206200016896                         00000000200723463790000000000000000000000000060210012226/200723400000000200723463790130122000000001014223704426  000000000000000000000000000000000000000000000000000000000000000000000000000000000000000000000000000000000000000000000                          0000000000                                                                  000016
1021903727600017200000260206200016896                         00000000200736405188000000000000000000000000060210012226/200736400000000200736405188110122000000000049923704274  000000000008200000000000000000000000000000000000000000000000000000000000000000000000000000000000000000000000000000000                          0000000000                                                                  000017
1021903727600017200000260206200016896                         00000000200795316571000000000000000000000000060210012226/200795300000000200795316571130122000000000500023704157  000000000008200000000000000000000000000000000000000000000000000000000000000000000000000000000000000000000000000000000                          0000000000                                                                  000018
1021903727600017200000260206200016896                         00000000200936854882000000000000000000000000060210012226/200936800000000200936854882110122000000000507323704151  000000000008200000000000000000000000000000000000000000000000000000000000000000000000000000000000000000000000000000000                          7600000000                                                                  000019
1021903727600017200000260206200016896                         00000000400031966260000000000000000000000000060210012226/400031900000000400031966260130122000000000810023704602  000000000008200000000000000000000000000000000000000000000000000000000000000000000000000000000000000000000000000000000                          7600000000                                                                  000020
1021903727600017200000260206200016896                         00000000400119554841000000000000000000000000060210012226/400119500000000400119554841110122000000000800023704151  000000000008200000000000000000000000000000000000000000000000000000000000000000000000000000000000000000000000000000000                          0000000000                                                                  000021
1021903727600017200000260206200016896                         00000000400169346700000000000000000000000000060210012226/400169300000000400169346700110122000000012000023704154  000000000008200000000000000000000000000000000000000000000000000000000000000000000000000000000000000000000000000000000                          0000000000                                                                  000022
1021903727600017200000260206200016896                         00000000400169706901000000000000000000000000060210012226/400169700000000400169706901130122000000001500023704400  000000000008200000000000000000000000000000000000000000000000000000000000000000000000000000000000000000000000000000000                          0000000000                                                                  000023
1021903727600017200000260206200016896                         00000000400309938263000000000000000000000000060210012226/400309900000000400309938263130122000000001840023704452  000000000008200000000000000000000000000000000000000000000000000000000000000000000000000000000000000000000000000000000                          7600000000                                                                  000024
1021903727600017200000260206200016896                         00000000400335278344000000000000000000000000060210012226/400335200000000400335278344130122000000000800023704602  000000000008200000000000000000000000000000000000000000000000000000000000000000000000000000000000000000000000000000000                          7600000000                                                                  000025
1021903727600017200000260206200016896                         00000000400338470823000000000000000000000000060210012226/400338400000000400338470823120122000000150000023704428  000000000008200000000000000000000000000000000000000000000000000000000000000000000000000000000000000000000000000000000                          7600000000                                                                  000026
1021903727600017200000260206200016896                         00000000400350451273000000000000000000000000060210012226/400350400000000400350451273130122000000003000023704151  000000000008200000000000000000000000000000000000000000000000000000000000000000000000000000000000000000000000000000000                          0000000000                                                                  000027
1021903727600017200000260206200016896                         00000000400440496810000000000000000000000000060210012226/400440400000000400440496810120122000000000800023700320  000000000008200000000000000000000000000000000000000000000000000000000000000000000000000000000000000000000000000000000                          0000000000                                                                  000028
1021903727600017200000260206200016896                         00000000400464966214000000000000000000000000060210012226/400464900000000400464966214130122000000099000023704151  000000000008200000000000000000000000000000000000000000000000000000000000000000000000000000000000000000000000000000000                          7600000000                                                                  000029
1021903727600017200000260206200016896                         00000000400474977869000000000000000000000000060210012226/400474900000000400474977869130122000000001200023704159  000000000008200000000000000000000000000000000000000000000000000000000000000000000000000000000000000000000000000000000                          0000000000                                                                  000030
1021903727600017200000260206200016896                         00000000400480956393000000000000000000000000060210012226/400480900000000400480956393130122000000002000023704426  000000000008200000000000000000000000000000000000000000000000000000000000000000000000000000000000000000000000000000000                          0000000000                                                                  000031
1021903727600017200000260206200016896                         00000000400489234609000000000000000000000000060210012226/400489200000000400489234609130122000000000810023704602  000000000008200000000000000000000000000000000000000000000000000000000000000000000000000000000000000000000000000000000                          7600000000                                                                  000032
1021903727600017200000260206200016896                         0000000040051862652P000000000000000000000000060210012226/40051860000000040051862652P130122000000001500023704157  000000000008200000000000000000000000000000000000000000000000000000000000000000000000000000000000000000000000000000000                          0000000000                                                                  000033
1021903727600017200000260206200016896                         00000000400544414379000000000000000000000000060210012226/400544400000000400544414379130122000000003000023704452  000000000008200000000000000000000000000000000000000000000000000000000000000000000000000000000000000000000000000000000                          0000000000                                                                  000034
1021903727600017200000260206200016896                         00000000400545411578000000000000000000000000060210012226/400545400000000400545411578110122000000001500023704158  000000000008200000000000000000000000000000000000000000000000000000000000000000000000000000000000000000000000000000000                          0000000000                                                                  000035
1021903727600017200000260206200016896                         00000000400567079380000000000000000000000000060210012226/400567000000000400567079380130122000000001500023704157  000000000008200000000000000000000000000000000000000000000000000000000000000000000000000000000000000000000000000000000                          0000000000                                                                  000036
1021903727600017200000260206200016896                         00000000400668250056000000000000000000000000060210012226/400668200000000400668250056130122000000003000023700153  000000000008200000000000000000000000000000000000000000000000000000000000000000000000000000000000000000000000000000000                          0000000000                                                                  000037
1021903727600017200000260206200016896                         00000000400724847222000000000000000000000000060210012226/400724800000000400724847222130122000000012000023700321  000000000008200000000000000000000000000000000000000000000000000000000000000000000000000000000000000000000000000000000                          0000000000                                                                  000038
1021903727600017200000260206200016896                         00000000400725506976000000000000000000000000060210012226/400725500000000400725506976130122000000001000023704422  000000000008200000000000000000000000000000000000000000000000000000000000000000000000000000000000000000000000000000000                          0000000000                                                                  000039
1021903727600017200000260206200016896                         00000000400743869059000000000000000000000000060210012226/400743800000000400743869059130122000000001250023700389  000000000008200000000000000000000000000000000000000000000000000000000000000000000000000000000000000000000000000000000                          0000000000                                                                  000040
1021903727600017200000260206200016896                         00000000400770465601000000000000000000000000060210012226/400770400000000400770465601130122000000000800023700140  000000000008200000000000000000000000000000000000000000000000000000000000000000000000000000000000000000000000000000000                          0000000000                                                                  000041
1021903727600017200000260206200016896                         00000000400779765608000000000000000000000000060210012226/400779700000000400779765608110122000000008000023704144  000000000008200000000000000000000000000000000000000000000000000000000000000000000000000000000000000000000000000000000                          0000000000                                                                  000042
1021903727600017200000260206200016896                         00000000400830973881000000000000000000000000060210012226/400830900000000400830973881130122000000001000023704143  000000000008200000000000000000000000000000000000000000000000000000000000000000000000000000000000000000000000000000000                          0000000000                                                                  000043
1021903727600017200000260206200016896                         00000000400904984732000000000000000000000000060210012226/400904900000000400904984732110122000000001210023704452  000000000008200000000000000000000000000000000000000000000000000000000000000000000000000000000000000000000000000000000                          7600000000                                                                  000044
1021903727600017200000260206200016896                         00000000400961654013000000000000000000000000060210012226/400961600000000400961654013130122000000001000023704424  000000000008200000000000000000000000000000000000000000000000000000000000000000000000000000000000000000000000000000000                          0000000000                                                                  000045
1021903727600017200000260206200016896                         00000000400963686494000000000000000000000000060210012226/400963600000000400963686494110122000000012000023700321  000000000008200000000000000000000000000000000000000000000000000000000000000000000000000000000000000000000000000000000                          0000000000                                                                  000046
1021903727600017200000260206200016896                         00000000400999899540000000000000000000000000060210012226/400999800000000400999899540130122000000000800023704422  000000000008200000000000000000000000000000000000000000000000000000000000000000000000000000000000000000000000000000000                          0000000000                                                                  000047
1021903727600017200000260206200016896                         00000000600580594757000000000000000000000000060210012226/600580500000000600580594757110122000000002720023704152  000000000008200000000000000000000000000000000000000000000000000000000000000000000000000000000000000000000000000000000                          0000000000                                                                  000048
1021903727600017200000260206200016896                         00000000100032437411000000000000000000000000060610012226/100032400000000100032437411110122000000018281710401538  000000000000000000000000000000000000000000000000000000000000000000000000000000000000018281700000000000000000000000000   110122             00000000000000                                                                  000049
1021903727600017200000260206200016896                         00000000100032445228000000000000000000000000060610012226/100032400000000100032445228110122000000000325863300001  000000000000000000000000000000000000000000000000000000000000000000000000000000000000000325800000000000000000000000000   110122             00000000000000                                                                  000050
1021903727600017200000260206200016896                         00000000100032450817000000000000000000000000060610012226/100032400000000100032450817110122000000000466007700001  000000000000000000000000000000000000000000000000000000000000000000000000000000000000000466000000000000000000000000000   110122             00000000000000                                                                  000051
1021903727600017200000260206200016896                         00000000100032460162000000000000000000000000060610012226/100032400000000100032460162110122000000001395034109926  000000000000000000000000000000000000000000000000000000000000000000000000000000000000001395000000000000000000000000000   110122             00000000000000                                                                  000052
1021903727600017200000260206200016896                         00000000200487256517000000000000000000000000060610012226/200487200000000200487256517100122000000000682010401092  000000000000000000000000000000000000000000000000000000000000000000000000000000000000000682000000000000000000000000000   110122             00000000000000                                                                  000053
1021903727600017200000260206200016896                         00000000200527010915000000000000000000000000060610012226/200527000000000200527010915130122000000000399910400601  000000000000000000000000000000000000000000000000000000000000000000000000000000000000000399900000000000000000000000000   110122             00000000000000                                                                  000054
1021903727600017200000260206200016896                         00000000200549751463000000000000000000000000060610012226/200549700000000200549751463110122000000000217234100875  000000000000000000000000000000000000000000000000000000000000000000000000000000000000000217200000000000000000000000000   110122             00000000000000                                                                  000055
1021903727600017200000260206200016896                         00000000200795316571000000000000000000000000060610012226/200795300000000200795316571130122000000000500063300001  000000000000000000000000000000000000000000000000000000000000000000000000000000000000000500000000000000000000000000000   110122             00000000000000                                                                  000056
1021903727600017200000260206200016896                         00000000200936854882000000000000000000000000060610012226/200936800000000200936854882110122000000000507303300358  000000000000000000000000000000000000000000000000000000000000000000000000000000000000000507300000000000000000000000000   110122             00000000000000                                                                  000057
1021903727600017200000260206200016896                         00000000400119554841000000000000000000000000060610012226/400119500000000400119554841110122000000000800063300001  000000000000000000000000000000000000000000000000000000000000000000000000000000000000000800000000000000000000000000000   110122             00000000000000                                                                  000058
1021903727600017200000260206200016896                         00000000400274225250000000000000000000000000060610012226/400274200000000400274225250090122000000012000002100112  000000000000000000000000000000000000000000000000000000000000000000000000000000000000012000000000000000000000000000000   110122             00000000000000                                                                  000059
1021903727600017200000260206200016896                         00000000400319962219000000000000000000000000060610012226/400319900000000400319962219100122000000001600010400422  000000000000000000000000000000000000000000000000000000000000000000000000000000000000001600000000000000000000000000000   110122             00000000000000                                                                  000060
1021903727600017200000260206200016896                         00000000400338470823000000000000000000000000060610012226/400338400000000400338470823120122000000150000000103478  000000000000000000000000000000000000000000000000000000000000000000000000000000000000150000000000000000000000000000000   110122             00000000000000                                                                  000061
1021903727600017200000260206200016896                         00000000400440496810000000000000000000000000060610012226/400440400000000400440496810120122000000000800063300001  000000000000000000000000000000000000000000000000000000000000000000000000000000000000000800000000000000000000000000000   110122             00000000000000                                                                  000062
1021903727600017200000260206200016896                         00000000400464966214000000000000000000000000060610012226/400464900000000400464966214130122000000099000021200001  000000000000000000000000000000000000000000000000000000000000000000000000000000000000099000000000000000000000000000000   110122             00000000000000                                                                  000063
1021903727600017200000260206200016896                         00000000400474977869000000000000000000000000060610012226/400474900000000400474977869130122000000001200075604327  000000000000000000000000000000000000000000000000000000000000000000000000000000000000001200000000000000000000000000000   110122             00000000000000                                                                  000064
1021903727600017200000260206200016896                         00000000400480956393000000000000000000000000060610012226/400480900000000400480956393130122000000002000010403711  000000000000000000000000000000000000000000000000000000000000000000000000000000000000002000000000000000000000000000000   110122             00000000000000                                                                  000065
1021903727600017200000260206200016896                         0000000040051862652P000000000000000000000000060610012226/40051860000000040051862652P130122000000001500010401127  000000000000000000000000000000000000000000000000000000000000000000000000000000000000001500000000000000000000000000000   110122             00000000000000                                                                  000066
1021903727600017200000260206200016896                         00000000400544414379000000000000000000000000060610012226/400544400000000400544414379130122000000003000010404254  000000000000000000000000000000000000000000000000000000000000000000000000000000000000003000000000000000000000000000000   110122             00000000000000                                                                  000067
1021903727600017200000260206200016896                         00000000400545411578000000000000000000000000060610012226/400545400000000400545411578110122000000001500075600602  000000000000000000000000000000000000000000000000000000000000000000000000000000000000001500000000000000000000000000000   110122             00000000000000                                                                  000068
1021903727600017200000260206200016896                         00000000400668250056000000000000000000000000060610012226/400668200000000400668250056130122000000003000010401831  000000000000000000000000000000000000000000000000000000000000000000000000000000000000003000000000000000000000000000000   110122             00000000000000                                                                  000069
1021903727600017200000260206200016896                         00000000400724847222000000000000000000000000060610012226/400724800000000400724847222130122000000012000007700001  000000000000000000000000000000000000000000000000000000000000000000000000000000000000012000000000000000000000000000000   110122             00000000000000                                                                  000070
1021903727600017200000260206200016896                         00000000400725506976000000000000000000000000060610012226/400725500000000400725506976130122000000001000000103192  000000000000000000000000000000000000000000000000000000000000000000000000000000000000001000000000000000000000000000000   110122             00000000000000                                                                  000071
1021903727600017200000260206200016896                         00000000400743869059000000000000000000000000060610012226/400743800000000400743869059130122000000001250010402047  000000000000000000000000000000000000000000000000000000000000000000000000000000000000001250000000000000000000000000000   110122             00000000000000                                                                  000072
1021903727600017200000260206200016896                         00000000400770465601000000000000000000000000060610012226/400770400000000400770465601130122000000000800007000264  000000000000000000000000000000000000000000000000000000000000000000000000000000000000000800000000000000000000000000000   110122             00000000000000                                                                  000073
1021903727600017200000260206200016896                         00000000400779765608000000000000000000000000060610012226/400779700000000400779765608110122000000008000021200001  000000000000000000000000000000000000000000000000000000000000000000000000000000000000008000000000000000000000000000000   110122             00000000000000                                                                  000074
1021903727600017200000260206200016896                         00000000400830973881000000000000000000000000060610012226/400830900000000400830973881130122000000001000010404692  000000000000000000000000000000000000000000000000000000000000000000000000000000000000001000000000000000000000000000000   110122             00000000000000                                                                  000075
1021903727600017200000260206200016896                         00000000400904984732000000000000000000000000060610012226/400904900000000400904984732110122000000001210075604327  000000000000000000000000000000000000000000000000000000000000000000000000000000000000001210000000000000000000000000000   110122             00000000000000                                                                  000076
1021903727600017200000260206200016896                         00000000400963686494000000000000000000000000060610012226/400963600000000400963686494110122000000012000007700001  000000000000000000000000000000000000000000000000000000000000000000000000000000000000012000000000000000000000000000000   110122             00000000000000                                                                  000077
1021903727600017200000260206200016896                         00000000400999899540000000000000000000000000060610012226/400999800000000400999899540130122000000000800065500001  000000000000000000000000000000000000000000000000000000000000000000000000000000000000000800000000000000000000000000000   110122             00000000000000                                                                  000078
1021903727600017200000260206200016896                         00000000600580594757000000000000000000000000060610012226/600580500000000600580594757110122000000002720010404208  000000000000000000000000000000000000000000000000000000000000000000000000000000000000002720000000000000000000000000000   110122             00000000000000                                                                  000079
1021903727600017200000260206200016896                         00000000200520783080000000000000000000000000061010012226/200520700000000200520783080081121000000000269923700000  000000000000000000000000000000000000000000000000000000000000000000000000000000000000000000000000000000000000000000000                          1600000000                                                                  000080
1021903727600017200000260206200016896                         00000000200767501495000000000000000000000000061010012226/200767500000000200767501495101121000000000295123700000  000000000000000000000000000000000000000000000000000000000000000000000000000000000000000000000000000000000000000000000                          1600000000                                                                  000081
1021903727600017200000260206200016896                         00000000200956384882000000000000000000000000061010012226/200956300000000200956384882091121000000000269923700000  000000000000000000000000000000000000000000000000000000000000000000000000000000000000000000000000000000000000000000000                          1600000000                                                                  000082
1021903727600017200000260206200016896                         00000000400053668468000000000000000000000000061010012226/400053600000000400053668468081121000000005000023700000  000000000000000000000000000000000000000000000000000000000000000000000000000000000000000000000000000000000000000000000                          1600000000                                                                  000083
1021903727600017200000260206200016896                         00000000400363402239000000000000000000000000061010012226/400363400000000400363402239091121000000004020023700000  000000000000000000000000000000000000000000000000000000000000000000000000000000000000000000000000000000000000000000000                          1600000000                                                                  000084
1021903727600017200000260206200016896                         0000000040044103179P000000000000000000000000061010012226/40044100000000040044103179P081121000000004500023700000  000000000000000000000000000000000000000000000000000000000000000000000000000000000000000000000000000000000000000000000                          1600000000                                                                  000085
1021903727600017200000260206200016896                         00000000400956784634000000000000000000000000061010012226/400956700000000400956784634081121000000014000023700000  000000000000000000000000000000000000000000000000000000000000000000000000000000000000000000000000000000000000000000000                          1600000000                                                                  000086
9201237          000003450000001305286700000846          00047000003585098000003399549000310000033995490000700000028354900000000000000000000000000000000000000000000000000000000000000000000                                                                                                                                                                              00000000000000000000000         000087
