02RETORNO01COBRANCA       00000000000005034448E-PREPAG ADMINISTRADORA DE CAR237BRADESCO       1110220160000001036                                                                                                                                                                                                                                                                          131022         000001
1021903727600017200000260206200016896                         00000000100035583354000000000000000000000000060211102226/100035500000000100035583354111022000000001160023704400  000000000008200000000000000000000000000000000000000000000000000000000000000000000000000000000000000000000000000000000                          0000000000                                                                  000002
1021903727600017200000260206200016896                         00000000100035614330000000000000000000000000060211102226/100035600000000100035614330111022000000001367823704159  000000000008200000000000000000000000000000000000000000000000000000000000000000000000000000000000000000000000000000000                          0000000000                                                                  000003
1021903727600017200000260206200016896                         00000000200022286363000000000000000000000000060211102226/200022200000000200022286363141022000000000305323704151  000000000008200000000000000000000000000000000000000000000000000000000000000000000000000000000000000000000000000000000                          0000000000                                                                  000004
1021903727600017200000260206200016896                         00000000200997736513000000000000000000000000060211102226/200997700000000200997736513141022000000000219923702397  000000000000000000000000000000000000000000000000000000000000000000000000000000000000000000000000000000000000000000000                          7600000000                                                                  000005
1021903727600017200000260206200016896                         00000000400939929858000000000000000000000000060211102226/400939900000000400939929858141022000000005000023704157  000000000008200000000000000000000000000000000000000000000000000000000000000000000000000000000000000000000000000000000                          0000000000                                                                  000006
1021903727600017200000260206200016896                         00000000400968105597000000000000000000000000060211102226/400968100000000400968105597141022000000002000023700140  000000000008200000000000000000000000000000000000000000000000000000000000000000000000000000000000000000000000000000000                          0000000000                                                                  000007
1021903727600017200000260206200016896                         00000000100035583354000000000000000000000000060611102226/100035500000000100035583354111022000000001160034108570  000000000000000000000000000000000000000000000000000000000000000000000000000000000000001160000000000000000000000000000   131022             00000000000000                                                                  000008
1021903727600017200000260206200016896                         00000000100035614330000000000000000000000000060611102226/100035600000000100035614330111022000000001367826000001  000000000000000000000000000000000000000000000000000000000000000000000000000000000000001367800000000000000000000000000   131022             00000000000000                                                                  000009
1021903727600017200000260206200016896                         00000000200819717203000000000000000000000000060611102226/200819700000000200819717203131022000000000279634100748  000000000000000000000000000000000000000000000000000000000000000000000000000000000000000279600000000000000000000000000   131022             00000000000000                                                                  000010
1021903727600017200000260206200016896                         00000000400422349231000000000000000000000000060611102226/400422300000000400422349231101022000000150000007700001  000000000000000000000000000000000000000000000000000000000000000000000000000000000000150000000000000000000000000000000   131022             00000000000000                                                                  000011
1021903727600017200000260206200016896                         00000000400939929858000000000000000000000000060611102226/400939900000000400939929858141022000000005000010400389  000000000000000000000000000000000000000000000000000000000000000000000000000000000000005000000000000000000000000000000   131022             00000000000000                                                                  000012
1021903727600017200000260206200016896                         00000000400968105597000000000000000000000000060611102226/400968100000000400968105597141022000000002000075604327  000000000000000000000000000000000000000000000000000000000000000000000000000000000000002000000000000000000000000000000   131022             00000000000000                                                                  000013
1021903727600017200000260206200016896                         00000000400990769830000000000000000000000000061011102226/400990700000000400990769830110822000000099000023700000  000000000000000000000000000000000000000000000000000000000000000000000000000000000000000000000000000000000000000000000                          1600000000                                                                  000014
1021903727600017200000260206200016896                         00000000600660656893000000000000000000000000061011102226/600660600000000600660656893110822000000000319923700000  000000000000000000000000000000000000000000000000000000000000000000000000000000000000000000000000000000000000000000000                          1600000000                                                                  000015
9201237          000001020000000240784400001036          00006000000100530000001598074000060000015980740000200000099319900000000000000000000000000000000000000000000000000000000000000000000                                                                                                                                                                              00000000000000000000000         000016
