02RETORNO01COBRANCA       00000000000005034448E-PREPAG ADMINISTRADORA DE CAR237BRADESCO       1111220160000001057                                                                                                                                                                                                                                                                          141122         000001
1021903727600017200000260206200016896                         00000000200380014502000000000000000000000000060211112226/200380000000000200380014502141122000000000269923704452  000000000008200000000000000000000000000000000000000000000000000000000000000000000000000000000000000000000000000000000                          0000000000                                                                  000002
1021903727600017200000260206200016896                         00000000400310741112000000000000000000000000060211112226/400310700000000400310741112141122000000004000023704157  000000000008200000000000000000000000000000000000000000000000000000000000000000000000000000000000000000000000000000000                          0000000000                                                                  000003
1021903727600017200000260206200016896                         00000000400832201819000000000000000000000000060211112226/400832200000000400832201819141122000000003530023704157  000000000008200000000000000000000000000000000000000000000000000000000000000000000000000000000000000000000000000000000                          0000000000                                                                  000004
1021903727600017200000260206200016896                         00000000600398996521000000000000000000000000060211112226/600398900000000600398996521141122000000000570023704144  000000000008200000000000000000000000000000000000000000000000000000000000000000000000000000000000000000000000000000000                          0000000000                                                                  000005
1021903727600017200000260206200016896                         00000000400310741112000000000000000000000000060611112226/400310700000000400310741112141122000000004000023703929  000000000000000000000000000000000000000000000000000000000000000000000000000000000000004000000000000000000000000000000   141122             00000000000000                                                                  000006
1021903727600017200000260206200016896                         00000000400600009679000000000000000000000000060611112226/400600000000000400600009679101122000000150000034103311  000000000000000000000000000000000000000000000000000000000000000000000000000000000000150000000000000000000000000000000   141122             00000000000000                                                                  000007
1021903727600017200000260206200016896                         00000000400832201819000000000000000000000000060611112226/400832200000000400832201819141122000000003530023700424  000000000000000000000000000000000000000000000000000000000000000000000000000000000000003530000000000000000000000000000   141122             00000000000000                                                                  000008
1021903727600017200000260206200016896                         0000000020045017796P000000000000000000000000061011112226/20045010000000020045017796P110922000000000119923700000  000000000000000000000000000000000000000000000000000000000000000000000000000000000000000000000000000000000000000000000                          1600000000                                                                  000009
1021903727600017200000260206200016896                         00000000400139363147000000000000000000000000061011112226/400139300000000400139363147110922000000000800023700000  000000000000000000000000000000000000000000000000000000000000000000000000000000000000000000000000000000000000000000000                          1600000000                                                                  000010
1021903727600017200000260206200016896                         00000000400548471024000000000000000000000000061011112226/400548400000000400548471024110922000000003000023700000  000000000000000000000000000000000000000000000000000000000000000000000000000000000000000000000000000000000000000000000                          1600000000                                                                  000011
9201237          000000870000000108150300001057          00004000000083699000001575300000030000015753000000300000003919900000000000000000000000000000000000000000000000000000000000000000000                                                                                                                                                                              00000000000000000000000         000012
