02RETORNO01COBRANCA       00000000000005034448E-PREPAG ADMINISTRADORA DE CAR237BRADESCO       1111210160000000806                                                                                                                                                                                                                                                                          121121         000001
1021903727600017200000260206200016896                         00000000200598418095000000000000000000000000060211112126/200598400000000200598418095141121000000001152623704400  000000000008200000000000000000000000000000000000000000000000000000000000000000000000000000000000000000000000000000000                          0000000000                                                                  000002
1021903727600017200000260206200016896                         00000000200624938906000000000000000000000000060211112126/200624900000000200624938906141121000000000184623704159  000000000000000000000000000000000000000000000000000000000000000000000000000000000000000000000000000000000000000000000                          0000000000                                                                  000003
1021903727600017200000260206200016896                         00000000400114215089000000000000000000000000060211112126/400114200000000400114215089141121000000000800023702062  000000000008200000000000000000000000000000000000000000000000000000000000000000000000000000000000000000000000000000000                          0000000000                                                                  000004
1021903727600017200000260206200016896                         00000000400139056899000000000000000000000000060211112126/400139000000000400139056899141121000000000800023704159  000000000008200000000000000000000000000000000000000000000000000000000000000000000000000000000000000000000000000000000                          0000000000                                                                  000005
1021903727600017200000260206200016896                         00000000400144095746000000000000000000000000060211112126/400144000000000400144095746141121000000004990023704154  000000000008200000000000000000000000000000000000000000000000000000000000000000000000000000000000000000000000000000000                          0000000000                                                                  000006
1021903727600017200000260206200016896                         00000000400154627304000000000000000000000000060211112126/400154600000000400154627304141121000000004500023704426  000000000008200000000000000000000000000000000000000000000000000000000000000000000000000000000000000000000000000000000                          0000000000                                                                  000007
1021903727600017200000260206200016896                         00000000400158912364000000000000000000000000060211112126/400158900000000400158912364141121000000000800023704159  000000000008200000000000000000000000000000000000000000000000000000000000000000000000000000000000000000000000000000000                          0000000000                                                                  000008
1021903727600017200000260206200016896                         00000000400186252183000000000000000000000000060211112126/400186200000000400186252183141121000000000800023704159  000000000008200000000000000000000000000000000000000000000000000000000000000000000000000000000000000000000000000000000                          0000000000                                                                  000009
1021903727600017200000260206200016896                         00000000400216536041000000000000000000000000060211112126/400216500000000400216536041141121000000000850023703162  000000000008200000000000000000000000000000000000000000000000000000000000000000000000000000000000000000000000000000000                          0000000000                                                                  000010
1021903727600017200000260206200016896                         00000000400228949821000000000000000000000000060211112126/400228900000000400228949821141121000000002740023704400  000000000008200000000000000000000000000000000000000000000000000000000000000000000000000000000000000000000000000000000                          0000000000                                                                  000011
1021903727600017200000260206200016896                         00000000400294327912000000000000000000000000060211112126/400294300000000400294327912141121000000001500023704152  000000000008200000000000000000000000000000000000000000000000000000000000000000000000000000000000000000000000000000000                          0000000000                                                                  000012
1021903727600017200000260206200016896                         0000000040031955269P000000000000000000000000060211112126/40031950000000040031955269P141121000000000800023704159  000000000008200000000000000000000000000000000000000000000000000000000000000000000000000000000000000000000000000000000                          0000000000                                                                  000013
1021903727600017200000260206200016896                         00000000400349588745000000000000000000000000060211112126/400349500000000400349588745141121000000000810023702062  000000000008200000000000000000000000000000000000000000000000000000000000000000000000000000000000000000000000000000000                          0000000000                                                                  000014
1021903727600017200000260206200016896                         00000000400365871201000000000000000000000000060211112126/400365800000000400365871201141121000000000800023704159  000000000008200000000000000000000000000000000000000000000000000000000000000000000000000000000000000000000000000000000                          0000000000                                                                  000015
1021903727600017200000260206200016896                         00000000400378735382000000000000000000000000060211112126/400378700000000400378735382141121000000003000023704151  000000000008200000000000000000000000000000000000000000000000000000000000000000000000000000000000000000000000000000000                          0000000000                                                                  000016
1021903727600017200000260206200016896                         00000000400429246284000000000000000000000000060211112126/400429200000000400429246284141121000000000800023704159  000000000008200000000000000000000000000000000000000000000000000000000000000000000000000000000000000000000000000000000                          0000000000                                                                  000017
1021903727600017200000260206200016896                         00000000400449810933000000000000000000000000060211112126/400449800000000400449810933141121000000000800023704159  000000000008200000000000000000000000000000000000000000000000000000000000000000000000000000000000000000000000000000000                          0000000000                                                                  000018
1021903727600017200000260206200016896                         00000000400457008593000000000000000000000000060211112126/400457000000000400457008593141121000000000800023704452  000000000008200000000000000000000000000000000000000000000000000000000000000000000000000000000000000000000000000000000                          0000000000                                                                  000019
1021903727600017200000260206200016896                         00000000400479498918000000000000000000000000060211112126/400479400000000400479498918141121000000005000023704151  000000000008200000000000000000000000000000000000000000000000000000000000000000000000000000000000000000000000000000000                          0000000000                                                                  000020
1021903727600017200000260206200016896                         00000000400500209581000000000000000000000000060211112126/400500200000000400500209581141121000000000820023702062  000000000008200000000000000000000000000000000000000000000000000000000000000000000000000000000000000000000000000000000                          0000000000                                                                  000021
1021903727600017200000260206200016896                         00000000400544769541000000000000000000000000060211112126/400544700000000400544769541141121000000003500023700153  000000000008200000000000000000000000000000000000000000000000000000000000000000000000000000000000000000000000000000000                          0000000000                                                                  000022
1021903727600017200000260206200016896                         00000000400561707630000000000000000000000000060211112126/400561700000000400561707630141121000000000800023704159  000000000008200000000000000000000000000000000000000000000000000000000000000000000000000000000000000000000000000000000                          0000000000                                                                  000023
1021903727600017200000260206200016896                         00000000400580343801000000000000000000000000060211112126/400580300000000400580343801141121000000000890023704143  000000000008200000000000000000000000000000000000000000000000000000000000000000000000000000000000000000000000000000000                          7600000000                                                                  000024
1021903727600017200000260206200016896                         00000000400608203601000000000000000000000000060211112126/400608200000000400608203601141121000000008400023704157  000000000008200000000000000000000000000000000000000000000000000000000000000000000000000000000000000000000000000000000                          0000000000                                                                  000025
1021903727600017200000260206200016896                         00000000400638891359000000000000000000000000060211112126/400638800000000400638891359141121000000004490023704159  000000000008200000000000000000000000000000000000000000000000000000000000000000000000000000000000000000000000000000000                          0000000000                                                                  000026
1021903727600017200000260206200016896                         00000000400653037976000000000000000000000000060211112126/400653000000000400653037976141121000000000800023704159  000000000008200000000000000000000000000000000000000000000000000000000000000000000000000000000000000000000000000000000                          0000000000                                                                  000027
1021903727600017200000260206200016896                         00000000400672599225000000000000000000000000060211112126/400672500000000400672599225141121000000002500023704400  000000000008200000000000000000000000000000000000000000000000000000000000000000000000000000000000000000000000000000000                          0000000000                                                                  000028
1021903727600017200000260206200016896                         00000000400679861413000000000000000000000000060211112126/400679800000000400679861413141121000000000840023702062  000000000008200000000000000000000000000000000000000000000000000000000000000000000000000000000000000000000000000000000                          0000000000                                                                  000029
1021903727600017200000260206200016896                         00000000400692798224000000000000000000000000060211112126/400692700000000400692798224141121000000005000023704159  000000000008200000000000000000000000000000000000000000000000000000000000000000000000000000000000000000000000000000000                          0000000000                                                                  000030
1021903727600017200000260206200016896                         00000000400693068947000000000000000000000000060211112126/400693000000000400693068947141121000000002450023704159  000000000008200000000000000000000000000000000000000000000000000000000000000000000000000000000000000000000000000000000                          0000000000                                                                  000031
1021903727600017200000260206200016896                         00000000400754176438000000000000000000000000060211112126/400754100000000400754176438141121000000000800023704159  000000000008200000000000000000000000000000000000000000000000000000000000000000000000000000000000000000000000000000000                          0000000000                                                                  000032
1021903727600017200000260206200016896                         00000000400816536037000000000000000000000000060211112126/400816500000000400816536037141121000000000800023704452  000000000008200000000000000000000000000000000000000000000000000000000000000000000000000000000000000000000000000000000                          0000000000                                                                  000033
1021903727600017200000260206200016896                         00000000400865604218000000000000000000000000060211112126/400865600000000400865604218141121000000000830023702062  000000000008200000000000000000000000000000000000000000000000000000000000000000000000000000000000000000000000000000000                          0000000000                                                                  000034
1021903727600017200000260206200016896                         00000000400887463855000000000000000000000000060211112126/400887400000000400887463855141121000000000800023704159  000000000008200000000000000000000000000000000000000000000000000000000000000000000000000000000000000000000000000000000                          0000000000                                                                  000035
1021903727600017200000260206200016896                         00000000400892814275000000000000000000000000060211112126/400892800000000400892814275141121000000004770023700153  000000000008200000000000000000000000000000000000000000000000000000000000000000000000000000000000000000000000000000000                          0000000000                                                                  000036
1021903727600017200000260206200016896                         00000000400898072440000000000000000000000000060211112126/400898000000000400898072440141121000000000800023704159  000000000008200000000000000000000000000000000000000000000000000000000000000000000000000000000000000000000000000000000                          0000000000                                                                  000037
1021903727600017200000260206200016896                         0000000040090486494P000000000000000000000000060211112126/40090480000000040090486494P141121000000000800023704159  000000000008200000000000000000000000000000000000000000000000000000000000000000000000000000000000000000000000000000000                          0000000000                                                                  000038
1021903727600017200000260206200016896                         00000000400923906157000000000000000000000000060211112126/400923900000000400923906157141121000000099000023704151  000000000008200000000000000000000000000000000000000000000000000000000000000000000000000000000000000000000000000000000                          7600000000                                                                  000039
1021903727600017200000260206200016896                         00000000400947100749000000000000000000000000060211112126/400947100000000400947100749141121000000000800023704159  000000000008200000000000000000000000000000000000000000000000000000000000000000000000000000000000000000000000000000000                          0000000000                                                                  000040
1021903727600017200000260206200016896                         0000000040099030336P000000000000000000000000060211112126/40099030000000040099030336P141121000000003000023704144  000000000008200000000000000000000000000000000000000000000000000000000000000000000000000000000000000000000000000000000                          0000000000                                                                  000041
1021903727600017200000260206200016896                         00000000400999380499000000000000000000000000060211112126/400999300000000400999380499141121000000000800023704159  000000000008200000000000000000000000000000000000000000000000000000000000000000000000000000000000000000000000000000000                          0000000000                                                                  000042
1021903727600017200000260206200016896                         00000000600309817902000000000000000000000000060211112126/600309800000000600309817902141121000000000119923700408  000000000008200000000000000000000000000000000000000000000000000000000000000000000000000000000000000000000000000000000                          0000000000                                                                  000043
1021903727600017200000260206200016896                         00000000200598418095000000000000000000000000060611112126/200598400000000200598418095141121000000001152610404063  000000000000000000000000000000000000000000000000000000000000000000000000000000000000001152600000000000000000000000000   121121             00000000000000                                                                  000044
1021903727600017200000260206200016896                         00000000400114215089000000000000000000000000060611112126/400114200000000400114215089141121000000000800075604327  000000000000000000000000000000000000000000000000000000000000000000000000000000000000000800000000000000000000000000000   121121             00000000000000                                                                  000045
1021903727600017200000260206200016896                         00000000400139056899000000000000000000000000060611112126/400139000000000400139056899141121000000000800065500001  000000000000000000000000000000000000000000000000000000000000000000000000000000000000000800000000000000000000000000000   121121             00000000000000                                                                  000046
1021903727600017200000260206200016896                         00000000400144095746000000000000000000000000060611112126/400144000000000400144095746141121000000004990002100133  000000000000000000000000000000000000000000000000000000000000000000000000000000000000004990000000000000000000000000000   121121             00000000000000                                                                  000047
1021903727600017200000260206200016896                         00000000400154627304000000000000000000000000060611112126/400154600000000400154627304141121000000004500010403711  000000000000000000000000000000000000000000000000000000000000000000000000000000000000004500000000000000000000000000000   121121             00000000000000                                                                  000048
1021903727600017200000260206200016896                         00000000400158912364000000000000000000000000060611112126/400158900000000400158912364141121000000000800065500001  000000000000000000000000000000000000000000000000000000000000000000000000000000000000000800000000000000000000000000000   121121             00000000000000                                                                  000049
1021903727600017200000260206200016896                         00000000400186252183000000000000000000000000060611112126/400186200000000400186252183141121000000000800065500001  000000000000000000000000000000000000000000000000000000000000000000000000000000000000000800000000000000000000000000000   121121             00000000000000                                                                  000050
1021903727600017200000260206200016896                         00000000400216536041000000000000000000000000060611112126/400216500000000400216536041141121000000000850021200001  000000000000000000000000000000000000000000000000000000000000000000000000000000000000000850000000000000000000000000000   121121             00000000000000                                                                  000051
1021903727600017200000260206200016896                         00000000400228949821000000000000000000000000060611112126/400228900000000400228949821141121000000002740010400202  000000000000000000000000000000000000000000000000000000000000000000000000000000000000002740000000000000000000000000000   121121             00000000000000                                                                  000052
1021903727600017200000260206200016896                         00000000400294327912000000000000000000000000060611112126/400294300000000400294327912141121000000001500023700536  000000000000000000000000000000000000000000000000000000000000000000000000000000000000001500000000000000000000000000000   121121             00000000000000                                                                  000053
1021903727600017200000260206200016896                         0000000040031955269P000000000000000000000000060611112126/40031950000000040031955269P141121000000000800065500001  000000000000000000000000000000000000000000000000000000000000000000000000000000000000000800000000000000000000000000000   121121             00000000000000                                                                  000054
1021903727600017200000260206200016896                         00000000400365871201000000000000000000000000060611112126/400365800000000400365871201141121000000000800065500001  000000000000000000000000000000000000000000000000000000000000000000000000000000000000000800000000000000000000000000000   121121             00000000000000                                                                  000055
1021903727600017200000260206200016896                         00000000400378735382000000000000000000000000060611112126/400378700000000400378735382141121000000003000063300001  000000000000000000000000000000000000000000000000000000000000000000000000000000000000003000000000000000000000000000000   121121             00000000000000                                                                  000056
1021903727600017200000260206200016896                         00000000400429246284000000000000000000000000060611112126/400429200000000400429246284141121000000000800065500001  000000000000000000000000000000000000000000000000000000000000000000000000000000000000000800000000000000000000000000000   121121             00000000000000                                                                  000057
1021903727600017200000260206200016896                         00000000400449810933000000000000000000000000060611112126/400449800000000400449810933141121000000000800065500001  000000000000000000000000000000000000000000000000000000000000000000000000000000000000000800000000000000000000000000000   121121             00000000000000                                                                  000058
1021903727600017200000260206200016896                         00000000400457008593000000000000000000000000060611112126/400457000000000400457008593141121000000000800075604327  000000000000000000000000000000000000000000000000000000000000000000000000000000000000000800000000000000000000000000000   121121             00000000000000                                                                  000059
1021903727600017200000260206200016896                         00000000400500209581000000000000000000000000060611112126/400500200000000400500209581141121000000000820075604327  000000000000000000000000000000000000000000000000000000000000000000000000000000000000000820000000000000000000000000000   121121             00000000000000                                                                  000060
1021903727600017200000260206200016896                         00000000400544769541000000000000000000000000060611112126/400544700000000400544769541141121000000003500010401831  000000000000000000000000000000000000000000000000000000000000000000000000000000000000003500000000000000000000000000000   121121             00000000000000                                                                  000061
1021903727600017200000260206200016896                         00000000400561707630000000000000000000000000060611112126/400561700000000400561707630141121000000000800065500001  000000000000000000000000000000000000000000000000000000000000000000000000000000000000000800000000000000000000000000000   121121             00000000000000                                                                  000062
1021903727600017200000260206200016896                         00000000400580343801000000000000000000000000060611112126/400580300000000400580343801141121000000000890023702151  000000000000000000000000000000000000000000000000000000000000000000000000000000000000000890000000000000000000000000000   121121             00000000000000                                                                  000063
1021903727600017200000260206200016896                         00000000400608203601000000000000000000000000060611112126/400608200000000400608203601141121000000008400023700424  000000000000000000000000000000000000000000000000000000000000000000000000000000000000008400000000000000000000000000000   121121             00000000000000                                                                  000064
1021903727600017200000260206200016896                         00000000400653037976000000000000000000000000060611112126/400653000000000400653037976141121000000000800065500001  000000000000000000000000000000000000000000000000000000000000000000000000000000000000000800000000000000000000000000000   121121             00000000000000                                                                  000065
1021903727600017200000260206200016896                         00000000400672599225000000000000000000000000060611112126/400672500000000400672599225141121000000002500010403880  000000000000000000000000000000000000000000000000000000000000000000000000000000000000002500000000000000000000000000000   121121             00000000000000                                                                  000066
1021903727600017200000260206200016896                         00000000400679861413000000000000000000000000060611112126/400679800000000400679861413141121000000000840075604327  000000000000000000000000000000000000000000000000000000000000000000000000000000000000000840000000000000000000000000000   121121             00000000000000                                                                  000067
1021903727600017200000260206200016896                         00000000400692798224000000000000000000000000060611112126/400692700000000400692798224141121000000005000000100922  000000000000000000000000000000000000000000000000000000000000000000000000000000000000005000000000000000000000000000000   121121             00000000000000                                                                  000068
1021903727600017200000260206200016896                         00000000400693068947000000000000000000000000060611112126/400693000000000400693068947141121000000002450075604327  000000000000000000000000000000000000000000000000000000000000000000000000000000000000002450000000000000000000000000000   121121             00000000000000                                                                  000069
1021903727600017200000260206200016896                         00000000400754176438000000000000000000000000060611112126/400754100000000400754176438141121000000000800065500001  000000000000000000000000000000000000000000000000000000000000000000000000000000000000000800000000000000000000000000000   121121             00000000000000                                                                  000070
1021903727600017200000260206200016896                         00000000400816536037000000000000000000000000060611112126/400816500000000400816536037141121000000000800075604327  000000000000000000000000000000000000000000000000000000000000000000000000000000000000000800000000000000000000000000000   121121             00000000000000                                                                  000071
1021903727600017200000260206200016896                         00000000400865604218000000000000000000000000060611112126/400865600000000400865604218141121000000000830075604327  000000000000000000000000000000000000000000000000000000000000000000000000000000000000000830000000000000000000000000000   121121             00000000000000                                                                  000072
1021903727600017200000260206200016896                         00000000400887463855000000000000000000000000060611112126/400887400000000400887463855141121000000000800065500001  000000000000000000000000000000000000000000000000000000000000000000000000000000000000000800000000000000000000000000000   121121             00000000000000                                                                  000073
1021903727600017200000260206200016896                         00000000400898072440000000000000000000000000060611112126/400898000000000400898072440141121000000000800065500001  000000000000000000000000000000000000000000000000000000000000000000000000000000000000000800000000000000000000000000000   121121             00000000000000                                                                  000074
1021903727600017200000260206200016896                         0000000040090486494P000000000000000000000000060611112126/40090480000000040090486494P141121000000000800065500001  000000000000000000000000000000000000000000000000000000000000000000000000000000000000000800000000000000000000000000000   121121             00000000000000                                                                  000075
1021903727600017200000260206200016896                         00000000400923906157000000000000000000000000060611112126/400923900000000400923906157141121000000099000033600001  000000000000000000000000000000000000000000000000000000000000000000000000000000000000099000000000000000000000000000000   121121             00000000000000                                                                  000076
1021903727600017200000260206200016896                         00000000400947100749000000000000000000000000060611112126/400947100000000400947100749141121000000000800065500001  000000000000000000000000000000000000000000000000000000000000000000000000000000000000000800000000000000000000000000000   121121             00000000000000                                                                  000077
1021903727600017200000260206200016896                         00000000400986157480000000000000000000000000060611112126/400986100000000400986157480131121000000005000065500001  000000000000000000000000000000000000000000000000000000000000000000000000000000000000005000000000000000000000000000000   121121             00000000000000                                                                  000078
1021903727600017200000260206200016896                         0000000040099030336P000000000000000000000000060611112126/40099030000000040099030336P141121000000003000065500001  000000000000000000000000000000000000000000000000000000000000000000000000000000000000003000000000000000000000000000000   121121             00000000000000                                                                  000079
1021903727600017200000260206200016896                         00000000400999380499000000000000000000000000060611112126/400999300000000400999380499141121000000000800065500001  000000000000000000000000000000000000000000000000000000000000000000000000000000000000000800000000000000000000000000000   121121             00000000000000                                                                  000080
1021903727600017200000260206200016896                         00000000200704612491000000000000000000000000061011112126/200704600000000200704612491110921000000000304323700000  000000000000000000000000000000000000000000000000000000000000000000000000000000000000000000000000000000000000000000000                          1600000000                                                                  000081
1021903727600017200000260206200016896                         00000000200978535310000000000000000000000000061011112126/200978500000000200978535310110921000000000381823700000  000000000000000000000000000000000000000000000000000000000000000000000000000000000000000000000000000000000000000000000                          1600000000                                                                  000082
1021903727600017200000260206200016896                         0000000040070015644P000000000000000000000000061011112126/40070010000000040070015644P110921000000012000023700000  000000000000000000000000000000000000000000000000000000000000000000000000000000000000000000000000000000000000000000000                          1600000000                                                                  000083
1021903727600017200000260206200016896                         00000000400862642011000000000000000000000000061011112126/400862600000000400862642011110921000000003000023700000  000000000000000000000000000000000000000000000000000000000000000000000000000000000000000000000000000000000000000000000                          1600000000                                                                  000084
1021903727600017200000260206200016896                         00000000400887256000000000000000000000000000061011112126/400887200000000400887256000110921000000000800023700000  000000000000000000000000000000000000000000000000000000000000000000000000000000000000000000000000000000000000000000000                          1600000000                                                                  000085
9201237          000003540000000848352100000806          00042000001757371000001653626000370000016536260000500000016486100000000000000000000000000000000000000000000000000000000000000000000                                                                                                                                                                              00000000000000000000000         000086
