02RETORNO01COBRANCA       00000000000005034448E-PREPAG ADMINISTRADORA DE CAR237BRADESCO       1208210160000000744                                                                                                                                                                                                                                                                          130821         000001
1021903727600017200000260206200016896                         00000000200121633415000000000000000000000000060212082126/200121600000000200121633415150821000000000939023704424  000000000008200000000000000000000000000000000000000000000000000000000000000000000000000000000000000000000000000000000                          0000000000                                                                  000002
1021903727600017200000260206200016896                         0000000020015544252P000000000000000000000000060212082126/20015540000000020015544252P150821000000000780023703162  000000000008200000000000000000000000000000000000000000000000000000000000000000000000000000000000000000000000000000000                          0000000000                                                                  000003
1021903727600017200000260206200016896                         00000000200516250205000000000000000000000000060212082126/200516200000000200516250205150821000000000626023704152  000000000008200000000000000000000000000000000000000000000000000000000000000000000000000000000000000000000000000000000                          0000000000                                                                  000004
1021903727600017200000260206200016896                         00000000200646404905000000000000000000000000060212082126/200646400000000200646404905150821000000000900023704400  000000000008200000000000000000000000000000000000000000000000000000000000000000000000000000000000000000000000000000000                          0000000000                                                                  000005
1021903727600017200000260206200016896                         00000000200860848799000000000000000000000000060212082126/200860800000000200860848799150821000000000939023704159  000000000008200000000000000000000000000000000000000000000000000000000000000000000000000000000000000000000000000000000                          0000000000                                                                  000006
1021903727600017200000260206200016896                         00000000200887569255000000000000000000000000060212082126/200887500000000200887569255150821000000000192123700140  000000000008200000000000000000000000000000000000000000000000000000000000000000000000000000000000000000000000000000000                          7600000000                                                                  000007
1021903727600017200000260206200016896                         00000000400112651701000000000000000000000000060212082126/400112600000000400112651701150821000000001520023703162  000000000008200000000000000000000000000000000000000000000000000000000000000000000000000000000000000000000000000000000                          0000000000                                                                  000008
1021903727600017200000260206200016896                         00000000400136831255000000000000000000000000060212082126/400136800000000400136831255150821000000012000023704143  000000000008200000000000000000000000000000000000000000000000000000000000000000000000000000000000000000000000000000000                          7600000000                                                                  000009
1021903727600017200000260206200016896                         0000000040015959918P000000000000000000000000060212082126/40015950000000040015959918P150821000000002510023704158  000000000000000000000000000000000000000000000000000000000000000000000000000000000000000000000000000000000000000000000                          0000000000                                                                  000010
1021903727600017200000260206200016896                         00000000400172717132000000000000000000000000060212082126/400172700000000400172717132150821000000002020023700435  000000000008200000000000000000000000000000000000000000000000000000000000000000000000000000000000000000000000000000000                          0000000000                                                                  000011
1021903727600017200000260206200016896                         00000000400173500773000000000000000000000000060212082126/400173500000000400173500773150821000000000800023704452  000000000008200000000000000000000000000000000000000000000000000000000000000000000000000000000000000000000000000000000                          0000000000                                                                  000012
1021903727600017200000260206200016896                         00000000400181940227000000000000000000000000060212082126/400181900000000400181940227150821000000002830023700321  000000000008200000000000000000000000000000000000000000000000000000000000000000000000000000000000000000000000000000000                          0000000000                                                                  000013
1021903727600017200000260206200016896                         00000000400358162564000000000000000000000000060212082126/400358100000000400358162564150821000000001250023704158  000000000008200000000000000000000000000000000000000000000000000000000000000000000000000000000000000000000000000000000                          0000000000                                                                  000014
1021903727600017200000260206200016896                         00000000400376890992000000000000000000000000060212082126/400376800000000400376890992150821000000002400023700435  000000000008200000000000000000000000000000000000000000000000000000000000000000000000000000000000000000000000000000000                          0000000000                                                                  000015
1021903727600017200000260206200016896                         00000000400474443953000000000000000000000000060212082126/400474400000000400474443953150821000000003200023704143  000000000008200000000000000000000000000000000000000000000000000000000000000000000000000000000000000000000000000000000                          7600000000                                                                  000016
1021903727600017200000260206200016896                         00000000400483740944000000000000000000000000060212082126/400483700000000400483740944150821000000100000023704428  000000000008200000000000000000000000000000000000000000000000000000000000000000000000000000000000000000000000000000000                          7600000000                                                                  000017
1021903727600017200000260206200016896                         00000000400526330672000000000000000000000000060212082126/400526300000000400526330672150821000000010000023704159  000000000008200000000000000000000000000000000000000000000000000000000000000000000000000000000000000000000000000000000                          0000000000                                                                  000018
1021903727600017200000260206200016896                         00000000400539950610000000000000000000000000060212082126/400539900000000400539950610150821000000000800023702062  000000000008200000000000000000000000000000000000000000000000000000000000000000000000000000000000000000000000000000000                          0000000000                                                                  000019
1021903727600017200000260206200016896                         00000000400603269396000000000000000000000000060212082126/400603200000000400603269396150821000000003000023704143  000000000008200000000000000000000000000000000000000000000000000000000000000000000000000000000000000000000000000000000                          0000000000                                                                  000020
1021903727600017200000260206200016896                         00000000400631959055000000000000000000000000060212082126/400631900000000400631959055150821000000005000023704159  000000000008200000000000000000000000000000000000000000000000000000000000000000000000000000000000000000000000000000000                          0000000000                                                                  000021
1021903727600017200000260206200016896                         00000000400666333159000000000000000000000000060212082126/400666300000000400666333159150821000000001000023704452  000000000008200000000000000000000000000000000000000000000000000000000000000000000000000000000000000000000000000000000                          0000000000                                                                  000022
1021903727600017200000260206200016896                         00000000400776277270000000000000000000000000060212082126/400776200000000400776277270150821000000002000023704152  000000000008200000000000000000000000000000000000000000000000000000000000000000000000000000000000000000000000000000000                          0000000000                                                                  000023
1021903727600017200000260206200016896                         0000000040077860127P000000000000000000000000060212082126/40077860000000040077860127P150821000000002500023704424  000000000008200000000000000000000000000000000000000000000000000000000000000000000000000000000000000000000000000000000                          0000000000                                                                  000024
1021903727600017200000260206200016896                         00000000400804733708000000000000000000000000060212082126/400804700000000400804733708150821000000001920023700140  000000000008200000000000000000000000000000000000000000000000000000000000000000000000000000000000000000000000000000000                          0000000000                                                                  000025
1021903727600017200000260206200016896                         00000000400823434347000000000000000000000000060212082126/400823400000000400823434347150821000000001500023704424  000000000008200000000000000000000000000000000000000000000000000000000000000000000000000000000000000000000000000000000                          0000000000                                                                  000026
1021903727600017200000260206200016896                         00000000400824619758000000000000000000000000060212082126/400824600000000400824619758150821000000000800023704159  000000000008200000000000000000000000000000000000000000000000000000000000000000000000000000000000000000000000000000000                          0000000000                                                                  000027
1021903727600017200000260206200016896                         00000000400824998317000000000000000000000000060212082126/400824900000000400824998317150821000000099000023704151  000000000008200000000000000000000000000000000000000000000000000000000000000000000000000000000000000000000000000000000                          7600000000                                                                  000028
1021903727600017200000260206200016896                         0000000040086552673P000000000000000000000000060212082126/40086550000000040086552673P150821000000001000023704159  000000000008200000000000000000000000000000000000000000000000000000000000000000000000000000000000000000000000000000000                          0000000000                                                                  000029
1021903727600017200000260206200016896                         00000000200121633415000000000000000000000000060612082126/200121600000000200121633415150821000000000939034102525  000000000000000000000000000000000000000000000000000000000000000000000000000000000000000939000000000000000000000000000   130821             00000000000000                                                                  000030
1021903727600017200000260206200016896                         0000000020015544252P000000000000000000000000060612082126/20015540000000020015544252P150821000000000780000105657  000000000000000000000000000000000000000000000000000000000000000000000000000000000000000780000000000000000000000000000   130821             00000000000000                                                                  000031
1021903727600017200000260206200016896                         00000000200309217680000000000000000000000000060612082126/200309200000000200309217680120821000000001884503307097  000000000000000000000000000000000000000000000000000000000000000000000000000000000000001884500000000000000000000000000   130821             00000000000000                                                                  000032
1021903727600017200000260206200016896                         00000000200646404905000000000000000000000000060612082126/200646400000000200646404905150821000000000900034103767  000000000000000000000000000000000000000000000000000000000000000000000000000000000000000900000000000000000000000000000   130821             00000000000000                                                                  000033
1021903727600017200000260206200016896                         00000000200648908277000000000000000000000000060612082126/200648900000000200648908277140821000000000279823700312  000000000000000000000000000000000000000000000000000000000000000000000000000000000000000279800000000000000000000000000   130821             00000000000000                                                                  000034
1021903727600017200000260206200016896                         00000000200812424049000000000000000000000000060612082126/200812400000000200812424049120821000000000500010401613  000000000000000000000000000000000000000000000000000000000000000000000000000000000000000500000000000000000000000000000   130821             00000000000000                                                                  000035
1021903727600017200000260206200016896                         00000000200838506485000000000000000000000000060612082126/200838500000000200838506485130821000000000884910400478  000000000000000000000000000000000000000000000000000000000000000000000000000000000000000884900000000000000000000000000   130821             00000000000000                                                                  000036
1021903727600017200000260206200016896                         00000000200887569255000000000000000000000000060612082126/200887500000000200887569255150821000000000192123703750  000000000000000000000000000000000000000000000000000000000000000000000000000000000000000192100000000000000000000000000   130821             00000000000000                                                                  000037
1021903727600017200000260206200016896                         00000000400042182474000000000000000000000000060612082126/400042100000000400042182474140821000000002500004100170  000000000000000000000000000000000000000000000000000000000000000000000000000000000000002500000000000000000000000000000   130821             00000000000000                                                                  000038
1021903727600017200000260206200016896                         00000000400112651701000000000000000000000000060612082126/400112600000000400112651701150821000000001520021200001  000000000000000000000000000000000000000000000000000000000000000000000000000000000000001520000000000000000000000000000   130821             00000000000000                                                                  000039
1021903727600017200000260206200016896                         00000000400136831255000000000000000000000000060612082126/400136800000000400136831255150821000000012000010403850  000000000000000000000000000000000000000000000000000000000000000000000000000000000000012000000000000000000000000000000   130821             00000000000000                                                                  000040
1021903727600017200000260206200016896                         00000000400172717132000000000000000000000000060612082126/400172700000000400172717132150821000000002020000102443  000000000000000000000000000000000000000000000000000000000000000000000000000000000000002020000000000000000000000000000   130821             00000000000000                                                                  000041
1021903727600017200000260206200016896                         00000000400173500773000000000000000000000000060612082126/400173500000000400173500773150821000000000800000101218  000000000000000000000000000000000000000000000000000000000000000000000000000000000000000800000000000000000000000000000   130821             00000000000000                                                                  000042
1021903727600017200000260206200016896                         00000000400181940227000000000000000000000000060612082126/400181900000000400181940227150821000000002830063300001  000000000000000000000000000000000000000000000000000000000000000000000000000000000000002830000000000000000000000000000   130821             00000000000000                                                                  000043
1021903727600017200000260206200016896                         00000000400358162564000000000000000000000000060612082126/400358100000000400358162564150821000000001250000102020  000000000000000000000000000000000000000000000000000000000000000000000000000000000000001250000000000000000000000000000   130821             00000000000000                                                                  000044
1021903727600017200000260206200016896                         00000000400376890992000000000000000000000000060612082126/400376800000000400376890992150821000000002400010400041  000000000000000000000000000000000000000000000000000000000000000000000000000000000000002400000000000000000000000000000   130821             00000000000000                                                                  000045
1021903727600017200000260206200016896                         00000000400388206280000000000000000000000000060612082126/400388200000000400388206280120821000000005000075600162  000000000000000000000000000000000000000000000000000000000000000000000000000000000000005000000000000000000000000000000   130821             00000000000000                                                                  000046
1021903727600017200000260206200016896                         00000000400474443953000000000000000000000000060612082126/400474400000000400474443953150821000000003200023702151  000000000000000000000000000000000000000000000000000000000000000000000000000000000000003200000000000000000000000000000   130821             00000000000000                                                                  000047
1021903727600017200000260206200016896                         00000000400483740944000000000000000000000000060612082126/400483700000000400483740944150821000000100000000103478  000000000000000000000000000000000000000000000000000000000000000000000000000000000000100000000000000000000000000000000   130821             00000000000000                                                                  000048
1021903727600017200000260206200016896                         00000000400526330672000000000000000000000000060612082126/400526300000000400526330672150821000000010000023703201  000000000000000000000000000000000000000000000000000000000000000000000000000000000000010000000000000000000000000000000   130821             00000000000000                                                                  000049
1021903727600017200000260206200016896                         00000000400539950610000000000000000000000000060612082126/400539900000000400539950610150821000000000800075604327  000000000000000000000000000000000000000000000000000000000000000000000000000000000000000800000000000000000000000000000   130821             00000000000000                                                                  000050
1021903727600017200000260206200016896                         00000000400603269396000000000000000000000000060612082126/400603200000000400603269396150821000000003000023702835  000000000000000000000000000000000000000000000000000000000000000000000000000000000000003000000000000000000000000000000   130821             00000000000000                                                                  000051
1021903727600017200000260206200016896                         00000000400631959055000000000000000000000000060612082126/400631900000000400631959055150821000000005000010400648  000000000000000000000000000000000000000000000000000000000000000000000000000000000000005000000000000000000000000000000   130821             00000000000000                                                                  000052
1021903727600017200000260206200016896                         00000000400636709553000000000000000000000000060612082126/400636700000000400636709553140821000000004440002100112  000000000000000000000000000000000000000000000000000000000000000000000000000000000000004440000000000000000000000000000   130821             00000000000000                                                                  000053
1021903727600017200000260206200016896                         00000000400666333159000000000000000000000000060612082126/400666300000000400666333159150821000000001000010401035  000000000000000000000000000000000000000000000000000000000000000000000000000000000000001000000000000000000000000000000   130821             00000000000000                                                                  000054
1021903727600017200000260206200016896                         00000000400776277270000000000000000000000000060612082126/400776200000000400776277270150821000000002000010404080  000000000000000000000000000000000000000000000000000000000000000000000000000000000000002000000000000000000000000000000   130821             00000000000000                                                                  000055
1021903727600017200000260206200016896                         0000000040077860127P000000000000000000000000060612082126/40077860000000040077860127P150821000000002500010403880  000000000000000000000000000000000000000000000000000000000000000000000000000000000000002500000000000000000000000000000   130821             00000000000000                                                                  000056
1021903727600017200000260206200016896                         00000000400804733708000000000000000000000000060612082126/400804700000000400804733708150821000000001920010403189  000000000000000000000000000000000000000000000000000000000000000000000000000000000000001920000000000000000000000000000   130821             00000000000000                                                                  000057
1021903727600017200000260206200016896                         00000000400823434347000000000000000000000000060612082126/400823400000000400823434347150821000000001500010403880  000000000000000000000000000000000000000000000000000000000000000000000000000000000000001500000000000000000000000000000   130821             00000000000000                                                                  000058
1021903727600017200000260206200016896                         00000000400824619758000000000000000000000000060612082126/400824600000000400824619758150821000000000800075604327  000000000000000000000000000000000000000000000000000000000000000000000000000000000000000800000000000000000000000000000   130821             00000000000000                                                                  000059
1021903727600017200000260206200016896                         00000000400824998317000000000000000000000000060612082126/400824900000000400824998317150821000000099000033600001  000000000000000000000000000000000000000000000000000000000000000000000000000000000000099000000000000000000000000000000   130821             00000000000000                                                                  000060
1021903727600017200000260206200016896                         00000000400858521773000000000000000000000000060612082126/400858500000000400858521773130821000000004060002100112  000000000000000000000000000000000000000000000000000000000000000000000000000000000000004060000000000000000000000000000   130821             00000000000000                                                                  000061
1021903727600017200000260206200016896                         0000000040086552673P000000000000000000000000060612082126/40086550000000040086552673P150821000000001000075604327  000000000000000000000000000000000000000000000000000000000000000000000000000000000000001000000000000000000000000000000   130821             00000000000000                                                                  000062
1021903727600017200000260206200016896                         00000000600074987066000000000000000000000000060612082126/600074900000000600074987066130821000000000119934100688  000000000000000000000000000000000000000000000000000000000000000000000000000000000000000119900000000000000000000000000   130821             00000000000000                                                                  000063
1021903727600017200000260206200016896                         00000000200019578345000000000000000000000000061012082126/200019500000000200019578345120621000000000500023700000  000000000000000000000000000000000000000000000000000000000000000000000000000000000000000000000000000000000000000000000                          1600000000                                                                  000064
1021903727600017200000260206200016896                         00000000200238674252000000000000000000000000061012082126/200238600000000200238674252120621000000000119923700000  000000000000000000000000000000000000000000000000000000000000000000000000000000000000000000000000000000000000000000000                          1600000000                                                                  000065
1021903727600017200000260206200016896                         00000000200258558569000000000000000000000000061012082126/200258500000000200258558569120621000000000119923700000  000000000000000000000000000000000000000000000000000000000000000000000000000000000000000000000000000000000000000000000                          1600000000                                                                  000066
1021903727600017200000260206200016896                         00000000200299232961000000000000000000000000061012082126/200299200000000200299232961120621000000000119923700000  000000000000000000000000000000000000000000000000000000000000000000000000000000000000000000000000000000000000000000000                          1600000000                                                                  000067
1021903727600017200000260206200016896                         00000000200410159497000000000000000000000000061012082126/200410100000000200410159497120621000000000119923700000  000000000000000000000000000000000000000000000000000000000000000000000000000000000000000000000000000000000000000000000                          1600000000                                                                  000068
1021903727600017200000260206200016896                         00000000200438957054000000000000000000000000061012082126/200438900000000200438957054120621000000000298423700000  000000000000000000000000000000000000000000000000000000000000000000000000000000000000000000000000000000000000000000000                          1600000000                                                                  000069
1021903727600017200000260206200016896                         00000000200447791533000000000000000000000000061012082126/200447700000000200447791533120621000000000119923700000  000000000000000000000000000000000000000000000000000000000000000000000000000000000000000000000000000000000000000000000                          1600000000                                                                  000070
1021903727600017200000260206200016896                         00000000200451160246000000000000000000000000061012082126/200451100000000200451160246120621000000000906123700000  000000000000000000000000000000000000000000000000000000000000000000000000000000000000000000000000000000000000000000000                          1600000000                                                                  000071
1021903727600017200000260206200016896                         00000000200661313800000000000000000000000000061012082126/200661300000000200661313800120621000000000119923700000  000000000000000000000000000000000000000000000000000000000000000000000000000000000000000000000000000000000000000000000                          1600000000                                                                  000072
1021903727600017200000260206200016896                         00000000200856760429000000000000000000000000061012082126/200856700000000200856760429120621000000000119923700000  000000000000000000000000000000000000000000000000000000000000000000000000000000000000000000000000000000000000000000000                          1600000000                                                                  000073
1021903727600017200000260206200016896                         00000000200879466463000000000000000000000000061012082126/200879400000000200879466463120621000000000654323700000  000000000000000000000000000000000000000000000000000000000000000000000000000000000000000000000000000000000000000000000                          1600000000                                                                  000074
1021903727600017200000260206200016896                         00000000400588264463000000000000000000000000061012082126/400588200000000400588264463120621000000000970023700000  000000000000000000000000000000000000000000000000000000000000000000000000000000000000000000000000000000000000000000000                          1600000000                                                                  000075
1021903727600017200000260206200016896                         00000000400713335408000000000000000000000000061012082126/400713300000000400713335408120621000000000800023700000  000000000000000000000000000000000000000000000000000000000000000000000000000000000000000000000000000000000000000000000                          1600000000                                                                  000076
1021903727600017200000260206200016896                         0000000040071473022P000000000000000000000000061012082126/40071470000000040071473022P120621000000005000023700000  000000000000000000000000000000000000000000000000000000000000000000000000000000000000000000000000000000000000000000000                          1600000000                                                                  000077
1021903727600017200000260206200016896                         00000000400847726233000000000000000000000000061012082126/400847700000000400847726233120621000000000800023700000  000000000000000000000000000000000000000000000000000000000000000000000000000000000000000000000000000000000000000000000                          1600000000                                                                  000078
1021903727600017200000260206200016896                         00000000400874515996000000000000000000000000061012082126/400874500000000400874515996120621000000005000023700000  000000000000000000000000000000000000000000000000000000000000000000000000000000000000000000000000000000000000000000000                          1600000000                                                                  000079
1021903727600017200000260206200016896                         0000000040098791160P000000000000000000000000061012082126/40098790000000040098791160P120621000000000800023700000  000000000000000000000000000000000000000000000000000000000000000000000000000000000000000000000000000000000000000000000                          1600000000                                                                  000080
1021903727600017200000260206200016896                         00000000600172762080000000000000000000000000061012082126/600172700000000600172762080120621000000000119923700000  000000000000000000000000000000000000000000000000000000000000000000000000000000000000000000000000000000000000000000000                          1600000000                                                                  000081
1021903727600017200000260206200016896                         00000000600540154150000000000000000000000000061012082126/600540100000000600540154150120621000000000119923700000  000000000000000000000000000000000000000000000000000000000000000000000000000000000000000000000000000000000000000000000                          1600000000                                                                  000082
1021903727600017200000260206200016896                         0000000060084257258P000000000000000000000000061012082126/60084250000000060084257258P120621000000000119923700000  000000000000000000000000000000000000000000000000000000000000000000000000000000000000000000000000000000000000000000000                          1600000000                                                                  000083
9201237          000005420000001444705000000744          00028000002614261000002770202000340000027702020002000000016927800000000000000000000000000000000000000000000000000000000000000000000                                                                                                                                                                              00000000000000000000000         000084
