02RETORNO01COBRANCA       00000000000005034448E-PREPAG ADMINISTRADORA DE CAR237BRADESCO       1310210160000000786                                                                                                                                                                                                                                                                          141021         000001
1021903727600017200000260206200016896                         00000000100031587827000000000000000000000000060213102126/100031500000000100031587827121021000000010933923704159  000000000008200000000000000000000000000000000000000000000000000000000000000000000000000000000000000000000000000000000                          0000000000                                                                  000002
1021903727600017200000260206200016896                         00000000100031644804000000000000000000000000060213102126/100031600000000100031644804141021000000000285023704400  000000000008200000000000000000000000000000000000000000000000000000000000000000000000000000000000000000000000000000000                          0000000000                                                                  000003
1021903727600017200000260206200016896                         00000000200364294228000000000000000000000000060213102126/200364200000000200364294228151021000000000324423704154  000000000008200000000000000000000000000000000000000000000000000000000000000000000000000000000000000000000000000000000                          0000000000                                                                  000004
1021903727600017200000260206200016896                         00000000200484849029000000000000000000000000060213102126/200484800000000200484849029151021000000000664423704274  000000000008200000000000000000000000000000000000000000000000000000000000000000000000000000000000000000000000000000000                          0000000000                                                                  000005
1021903727600017200000260206200016896                         00000000200490137332000000000000000000000000060213102126/200490100000000200490137332161021000000000069923704424  000000000008200000000000000000000000000000000000000000000000000000000000000000000000000000000000000000000000000000000                          0000000000                                                                  000006
1021903727600017200000260206200016896                         00000000200609135597000000000000000000000000060213102126/200609100000000200609135597151021000000000664423704159  000000000008200000000000000000000000000000000000000000000000000000000000000000000000000000000000000000000000000000000                          0000000000                                                                  000007
1021903727600017200000260206200016896                         0000000020064228350P000000000000000000000000060213102126/20064220000000020064228350P161021000000000324223704158  000000000008200000000000000000000000000000000000000000000000000000000000000000000000000000000000000000000000000000000                          7600000000                                                                  000008
1021903727600017200000260206200016896                         00000000200731457236000000000000000000000000060213102126/200731400000000200731457236151021000000001079623704154  000000000008200000000000000000000000000000000000000000000000000000000000000000000000000000000000000000000000000000000                          0000000000                                                                  000009
1021903727600017200000260206200016896                         00000000200747291478000000000000000000000000060213102126/200747200000000200747291478161021000000000069923704424  000000000008200000000000000000000000000000000000000000000000000000000000000000000000000000000000000000000000000000000                          0000000000                                                                  000010
1021903727600017200000260206200016896                         00000000200892005629000000000000000000000000060213102126/200892000000000200892005629161021000000000487423704143  000000000008200000000000000000000000000000000000000000000000000000000000000000000000000000000000000000000000000000000                          0000000000                                                                  000011
1021903727600017200000260206200016896                         00000000400033807925000000000000000000000000060213102126/400033800000000400033807925161021000000012000023700073  000000000008200000000000000000000000000000000000000000000000000000000000000000000000000000000000000000000000000000000                          0000000000                                                                  000012
1021903727600017200000260206200016896                         00000000400039637134000000000000000000000000060213102126/400039600000000400039637134161021000000001480023704452  000000000008200000000000000000000000000000000000000000000000000000000000000000000000000000000000000000000000000000000                          0000000000                                                                  000013
1021903727600017200000260206200016896                         00000000400137133543000000000000000000000000060213102126/400137100000000400137133543161021000000000800023704400  000000000008200000000000000000000000000000000000000000000000000000000000000000000000000000000000000000000000000000000                          7600000000                                                                  000014
1021903727600017200000260206200016896                         00000000400141454192000000000000000000000000060213102126/400141400000000400141454192151021000000100000023704143  000000000008200000000000000000000000000000000000000000000000000000000000000000000000000000000000000000000000000000000                          7600000000                                                                  000015
1021903727600017200000260206200016896                         00000000400152714897000000000000000000000000060213102126/400152700000000400152714897161021000000002090023704159  000000000008200000000000000000000000000000000000000000000000000000000000000000000000000000000000000000000000000000000                          0000000000                                                                  000016
1021903727600017200000260206200016896                         00000000400157098744000000000000000000000000060213102126/400157000000000400157098744161021000000009170023704154  000000000008200000000000000000000000000000000000000000000000000000000000000000000000000000000000000000000000000000000                          0000000000                                                                  000017
1021903727600017200000260206200016896                         00000000400199951749000000000000000000000000060213102126/400199900000000400199951749161021000000008000023704159  000000000008200000000000000000000000000000000000000000000000000000000000000000000000000000000000000000000000000000000                          0000000000                                                                  000018
1021903727600017200000260206200016896                         0000000040021942306P000000000000000000000000060213102126/40021940000000040021942306P161021000000002500023704426  000000000008200000000000000000000000000000000000000000000000000000000000000000000000000000000000000000000000000000000                          7600000000                                                                  000019
1021903727600017200000260206200016896                         00000000400264484371000000000000000000000000060213102126/400264400000000400264484371161021000000003000023704143  000000000008200000000000000000000000000000000000000000000000000000000000000000000000000000000000000000000000000000000                          0000000000                                                                  000020
1021903727600017200000260206200016896                         00000000400281497711000000000000000000000000060213102126/400281400000000400281497711151021000000002300023704157  000000000008200000000000000000000000000000000000000000000000000000000000000000000000000000000000000000000000000000000                          0000000000                                                                  000021
1021903727600017200000260206200016896                         00000000400299436108000000000000000000000000060213102126/400299400000000400299436108161021000000005500023704144  000000000008200000000000000000000000000000000000000000000000000000000000000000000000000000000000000000000000000000000                          0000000000                                                                  000022
1021903727600017200000260206200016896                         00000000400329397854000000000000000000000000060213102126/400329300000000400329397854161021000000000800023700435  000000000008200000000000000000000000000000000000000000000000000000000000000000000000000000000000000000000000000000000                          0000000000                                                                  000023
1021903727600017200000260206200016896                         00000000400367887946000000000000000000000000060213102126/400367800000000400367887946161021000000001000023704426  000000000008200000000000000000000000000000000000000000000000000000000000000000000000000000000000000000000000000000000                          7600000000                                                                  000024
1021903727600017200000260206200016896                         00000000400371201153000000000000000000000000060213102126/400371200000000400371201153161021000000099000023704151  000000000008200000000000000000000000000000000000000000000000000000000000000000000000000000000000000000000000000000000                          7600000000                                                                  000025
1021903727600017200000260206200016896                         00000000400404704032000000000000000000000000060213102126/400404700000000400404704032161021000000003000023704143  000000000008200000000000000000000000000000000000000000000000000000000000000000000000000000000000000000000000000000000                          0000000000                                                                  000026
1021903727600017200000260206200016896                         00000000400437978030000000000000000000000000060213102126/400437900000000400437978030161021000000012000023704452  000000000008200000000000000000000000000000000000000000000000000000000000000000000000000000000000000000000000000000000                          0000000000                                                                  000027
1021903727600017200000260206200016896                         00000000400458528329000000000000000000000000060213102126/400458500000000400458528329161021000000004850023704154  000000000008200000000000000000000000000000000000000000000000000000000000000000000000000000000000000000000000000000000                          0000000000                                                                  000028
1021903727600017200000260206200016896                         00000000400572779080000000000000000000000000060213102126/400572700000000400572779080161021000000001180023704422  000000000008200000000000000000000000000000000000000000000000000000000000000000000000000000000000000000000000000000000                          0000000000                                                                  000029
1021903727600017200000260206200016896                         00000000400661912673000000000000000000000000060213102126/400661900000000400661912673161021000000000960023700140  000000000008200000000000000000000000000000000000000000000000000000000000000000000000000000000000000000000000000000000                          0000000000                                                                  000030
1021903727600017200000260206200016896                         00000000400700270455000000000000000000000000060213102126/400700200000000400700270455151021000000099000023704143  000000000008200000000000000000000000000000000000000000000000000000000000000000000000000000000000000000000000000000000                          7600000000                                                                  000031
1021903727600017200000260206200016896                         00000000400718044118000000000000000000000000060213102126/400718000000000400718044118161021000000011950023704151  000000000008200000000000000000000000000000000000000000000000000000000000000000000000000000000000000000000000000000000                          0000000000                                                                  000032
1021903727600017200000260206200016896                         00000000400732253145000000000000000000000000060213102126/400732200000000400732253145161021000000000800023700140  000000000008200000000000000000000000000000000000000000000000000000000000000000000000000000000000000000000000000000000                          0000000000                                                                  000033
1021903727600017200000260206200016896                         00000000400813090488000000000000000000000000060213102126/400813000000000400813090488161021000000150000023704428  000000000008200000000000000000000000000000000000000000000000000000000000000000000000000000000000000000000000000000000                          7600000000                                                                  000034
1021903727600017200000260206200016896                         00000000400901632665000000000000000000000000060213102126/400901600000000400901632665151021000000012000023704151  000000000008200000000000000000000000000000000000000000000000000000000000000000000000000000000000000000000000000000000                          0000000000                                                                  000035
1021903727600017200000260206200016896                         0000000040090241680P000000000000000000000000060213102126/40090240000000040090241680P151021000000000800023704452  000000000008200000000000000000000000000000000000000000000000000000000000000000000000000000000000000000000000000000000                          0000000000                                                                  000036
1021903727600017200000260206200016896                         00000000400925406127000000000000000000000000060213102126/400925400000000400925406127161021000000005000023704426  000000000008200000000000000000000000000000000000000000000000000000000000000000000000000000000000000000000000000000000                          0000000000                                                                  000037
1021903727600017200000260206200016896                         00000000400926922277000000000000000000000000060213102126/400926900000000400926922277161021000000001100023700389  000000000008200000000000000000000000000000000000000000000000000000000000000000000000000000000000000000000000000000000                          0000000000                                                                  000038
1021903727600017200000260206200016896                         00000000400954994526000000000000000000000000060213102126/400954900000000400954994526151021000000099500023704143  000000000008200000000000000000000000000000000000000000000000000000000000000000000000000000000000000000000000000000000                          7600000000                                                                  000039
1021903727600017200000260206200016896                         00000000400988449624000000000000000000000000060213102126/400988400000000400988449624161021000000002000023704143  000000000008200000000000000000000000000000000000000000000000000000000000000000000000000000000000000000000000000000000                          0000000000                                                                  000040
1021903727600017200000260206200016896                         00000000100031644804000000000000000000000000060613102126/100031600000000100031644804141021000000000285010400680  000000000000000000000000000000000000000000000000000000000000000000000000000000000000000285000000000000000000000000000   141021             00000000000000                                                                  000041
1021903727600017200000260206200016896                         00000000200364294228000000000000000000000000060613102126/200364200000000200364294228151021000000000324475601856  000000000000000000000000000000000000000000000000000000000000000000000000000000000000000324400000000000000000000000000   141021             00000000000000                                                                  000042
1021903727600017200000260206200016896                         00000000200490137332000000000000000000000000060613102126/200490100000000200490137332161021000000000069975604143  000000000000000000000000000000000000000000000000000000000000000000000000000000000000000069900000000000000000000000000   141021             00000000000000                                                                  000043
1021903727600017200000260206200016896                         00000000200609135597000000000000000000000000060613102126/200609100000000200609135597151021000000000664426000001  000000000000000000000000000000000000000000000000000000000000000000000000000000000000000664400000000000000000000000000   141021             00000000000000                                                                  000044
1021903727600017200000260206200016896                         00000000200731457236000000000000000000000000060613102126/200731400000000200731457236151021000000001079600104232  000000000000000000000000000000000000000000000000000000000000000000000000000000000000001079600000000000000000000000000   141021             00000000000000                                                                  000045
1021903727600017200000260206200016896                         00000000200747291478000000000000000000000000060613102126/200747200000000200747291478161021000000000069975604143  000000000000000000000000000000000000000000000000000000000000000000000000000000000000000069900000000000000000000000000   141021             00000000000000                                                                  000046
1021903727600017200000260206200016896                         00000000200892005629000000000000000000000000060613102126/200892000000000200892005629161021000000000487433600001  000000000000000000000000000000000000000000000000000000000000000000000000000000000000000487400000000000000000000000000   141021             00000000000000                                                                  000047
1021903727600017200000260206200016896                         00000000400033807925000000000000000000000000060613102126/400033800000000400033807925161021000000012000000102687  000000000000000000000000000000000000000000000000000000000000000000000000000000000000012000000000000000000000000000000   141021             00000000000000                                                                  000048
1021903727600017200000260206200016896                         00000000400108615385000000000000000000000000060613102126/400108600000000400108615385111021000000008710002100112  000000000000000000000000000000000000000000000000000000000000000000000000000000000000008710000000000000000000000000000   141021             00000000000000                                                                  000049
1021903727600017200000260206200016896                         00000000400137133543000000000000000000000000060613102126/400137100000000400137133543161021000000000800075604327  000000000000000000000000000000000000000000000000000000000000000000000000000000000000000800000000000000000000000000000   141021             00000000000000                                                                  000050
1021903727600017200000260206200016896                         00000000400138011026000000000000000000000000060613102126/400138000000000400138011026141021000000001000021200001  000000000000000000000000000000000000000000000000000000000000000000000000000000000000001000000000000000000000000000000   141021             00000000000000                                                                  000051
1021903727600017200000260206200016896                         00000000400139878341000000000000000000000000060613102126/400139800000000400139878341141021000000005000000100922  000000000000000000000000000000000000000000000000000000000000000000000000000000000000005000000000000000000000000000000   141021             00000000000000                                                                  000052
1021903727600017200000260206200016896                         00000000400141454192000000000000000000000000060613102126/400141400000000400141454192151021000000100000021200001  000000000000000000000000000000000000000000000000000000000000000000000000000000000000100000000000000000000000000000000   141021             00000000000000                                                                  000053
1021903727600017200000260206200016896                         00000000400152714897000000000000000000000000060613102126/400152700000000400152714897161021000000002090075604327  000000000000000000000000000000000000000000000000000000000000000000000000000000000000002090000000000000000000000000000   141021             00000000000000                                                                  000054
1021903727600017200000260206200016896                         0000000040021942306P000000000000000000000000060613102126/40021940000000040021942306P161021000000002500010400474  000000000000000000000000000000000000000000000000000000000000000000000000000000000000002500000000000000000000000000000   141021             00000000000000                                                                  000055
1021903727600017200000260206200016896                         00000000400264484371000000000000000000000000060613102126/400264400000000400264484371161021000000003000023702835  000000000000000000000000000000000000000000000000000000000000000000000000000000000000003000000000000000000000000000000   141021             00000000000000                                                                  000056
1021903727600017200000260206200016896                         00000000400281497711000000000000000000000000060613102126/400281400000000400281497711151021000000002300008501127  000000000000000000000000000000000000000000000000000000000000000000000000000000000000002300000000000000000000000000000   141021             00000000000000                                                                  000057
1021903727600017200000260206200016896                         00000000400329397854000000000000000000000000060613102126/400329300000000400329397854161021000000000800010400737  000000000000000000000000000000000000000000000000000000000000000000000000000000000000000800000000000000000000000000000   141021             00000000000000                                                                  000058
1021903727600017200000260206200016896                         00000000400367887946000000000000000000000000060613102126/400367800000000400367887946161021000000001000010400474  000000000000000000000000000000000000000000000000000000000000000000000000000000000000001000000000000000000000000000000   141021             00000000000000                                                                  000059
1021903727600017200000260206200016896                         00000000400371201153000000000000000000000000060613102126/400371200000000400371201153161021000000099000000102200  000000000000000000000000000000000000000000000000000000000000000000000000000000000000099000000000000000000000000000000   141021             00000000000000                                                                  000060
1021903727600017200000260206200016896                         00000000400404704032000000000000000000000000060613102126/400404700000000400404704032161021000000003000008501037  000000000000000000000000000000000000000000000000000000000000000000000000000000000000003000000000000000000000000000000   141021             00000000000000                                                                  000061
1021903727600017200000260206200016896                         00000000400437978030000000000000000000000000060613102126/400437900000000400437978030161021000000012000010401089  000000000000000000000000000000000000000000000000000000000000000000000000000000000000012000000000000000000000000000000   141021             00000000000000                                                                  000062
1021903727600017200000260206200016896                         0000000040044790485P000000000000000000000000060613102126/40044790000000040044790485P121021000000002380002100112  000000000000000000000000000000000000000000000000000000000000000000000000000000000000002380000000000000000000000000000   141021             00000000000000                                                                  000063
1021903727600017200000260206200016896                         00000000400458528329000000000000000000000000060613102126/400458500000000400458528329161021000000004850002100054  000000000000000000000000000000000000000000000000000000000000000000000000000000000000004850000000000000000000000000000   141021             00000000000000                                                                  000064
1021903727600017200000260206200016896                         00000000400484714076000000000000000000000000060613102126/400484700000000400484714076141021000000001280002100112  000000000000000000000000000000000000000000000000000000000000000000000000000000000000001280000000000000000000000000000   141021             00000000000000                                                                  000065
1021903727600017200000260206200016896                         00000000400572779080000000000000000000000000060613102126/400572700000000400572779080161021000000001180010402089  000000000000000000000000000000000000000000000000000000000000000000000000000000000000001180000000000000000000000000000   141021             00000000000000                                                                  000066
1021903727600017200000260206200016896                         00000000400614696679000000000000000000000000060613102126/400614600000000400614696679141021000000003000004100170  000000000000000000000000000000000000000000000000000000000000000000000000000000000000003000000000000000000000000000000   141021             00000000000000                                                                  000067
1021903727600017200000260206200016896                         00000000400661912673000000000000000000000000060613102126/400661900000000400661912673161021000000000960007000264  000000000000000000000000000000000000000000000000000000000000000000000000000000000000000960000000000000000000000000000   141021             00000000000000                                                                  000068
1021903727600017200000260206200016896                         00000000400700270455000000000000000000000000060613102126/400700200000000400700270455151021000000099000021200001  000000000000000000000000000000000000000000000000000000000000000000000000000000000000099000000000000000000000000000000   141021             00000000000000                                                                  000069
1021903727600017200000260206200016896                         00000000400718044118000000000000000000000000060613102126/400718000000000400718044118161021000000011950010400977  000000000000000000000000000000000000000000000000000000000000000000000000000000000000011950000000000000000000000000000   141021             00000000000000                                                                  000070
1021903727600017200000260206200016896                         00000000400732253145000000000000000000000000060613102126/400732200000000400732253145161021000000000800010403189  000000000000000000000000000000000000000000000000000000000000000000000000000000000000000800000000000000000000000000000   141021             00000000000000                                                                  000071
1021903727600017200000260206200016896                         00000000400901632665000000000000000000000000060613102126/400901600000000400901632665151021000000012000010400977  000000000000000000000000000000000000000000000000000000000000000000000000000000000000012000000000000000000000000000000   141021             00000000000000                                                                  000072
1021903727600017200000260206200016896                         00000000400925406127000000000000000000000000060613102126/400925400000000400925406127161021000000005000010403711  000000000000000000000000000000000000000000000000000000000000000000000000000000000000005000000000000000000000000000000   141021             00000000000000                                                                  000073
1021903727600017200000260206200016896                         00000000400926922277000000000000000000000000060613102126/400926900000000400926922277161021000000001100010401557  000000000000000000000000000000000000000000000000000000000000000000000000000000000000001100000000000000000000000000000   141021             00000000000000                                                                  000074
1021903727600017200000260206200016896                         00000000400954994526000000000000000000000000060613102126/400954900000000400954994526151021000000099500021200001  000000000000000000000000000000000000000000000000000000000000000000000000000000000000099500000000000000000000000000000   141021             00000000000000                                                                  000075
1021903727600017200000260206200016896                         00000000400988449624000000000000000000000000060613102126/400988400000000400988449624161021000000002000010404692  000000000000000000000000000000000000000000000000000000000000000000000000000000000000002000000000000000000000000000000   141021             00000000000000                                                                  000076
1021903727600017200000260206200016896                         00000000200019617898000000000000000000000000061013102126/200019600000000200019617898130821000000000282723700000  000000000000000000000000000000000000000000000000000000000000000000000000000000000000000000000000000000000000000000000                          1600000000                                                                  000077
1021903727600017200000260206200016896                         00000000200025043682000000000000000000000000061013102126/200025000000000200025043682130821000000000304323700000  000000000000000000000000000000000000000000000000000000000000000000000000000000000000000000000000000000000000000000000                          1600000000                                                                  000078
1021903727600017200000260206200016896                         00000000200116003403000000000000000000000000061013102126/200116000000000200116003403120821000000000269923700000  000000000000000000000000000000000000000000000000000000000000000000000000000000000000000000000000000000000000000000000                          1600000000                                                                  000079
1021903727600017200000260206200016896                         00000000200213264610000000000000000000000000061013102126/200213200000000200213264610130821000000000493423700000  000000000000000000000000000000000000000000000000000000000000000000000000000000000000000000000000000000000000000000000                          1600000000                                                                  000080
1021903727600017200000260206200016896                         00000000200251361603000000000000000000000000061013102126/200251300000000200251361603130821000000000493423700000  000000000000000000000000000000000000000000000000000000000000000000000000000000000000000000000000000000000000000000000                          1600000000                                                                  000081
1021903727600017200000260206200016896                         00000000200269361201000000000000000000000000061013102126/200269300000000200269361201130821000000000049923700000  000000000000000000000000000000000000000000000000000000000000000000000000000000000000000000000000000000000000000000000                          1600000000                                                                  000082
1021903727600017200000260206200016896                         00000000200415490892000000000000000000000000061013102126/200415400000000200415490892120821000000000628423700000  000000000000000000000000000000000000000000000000000000000000000000000000000000000000000000000000000000000000000000000                          1600000000                                                                  000083
1021903727600017200000260206200016896                         00000000200532581718000000000000000000000000061013102126/200532500000000200532581718130821000000000304323700000  000000000000000000000000000000000000000000000000000000000000000000000000000000000000000000000000000000000000000000000                          1600000000                                                                  000084
1021903727600017200000260206200016896                         00000000200582546034000000000000000000000000061013102126/200582500000000200582546034120821000000000427823700000  000000000000000000000000000000000000000000000000000000000000000000000000000000000000000000000000000000000000000000000                          1600000000                                                                  000085
1021903727600017200000260206200016896                         00000000200694101515000000000000000000000000061013102126/200694100000000200694101515120821000000000490623700000  000000000000000000000000000000000000000000000000000000000000000000000000000000000000000000000000000000000000000000000                          1600000000                                                                  000086
1021903727600017200000260206200016896                         00000000200872308269000000000000000000000000061013102126/200872300000000200872308269130821000000000632023700000  000000000000000000000000000000000000000000000000000000000000000000000000000000000000000000000000000000000000000000000                          1600000000                                                                  000087
1021903727600017200000260206200016896                         00000000200912212553000000000000000000000000061013102126/200912200000000200912212553120821000000000493423700000  000000000000000000000000000000000000000000000000000000000000000000000000000000000000000000000000000000000000000000000                          1600000000                                                                  000088
1021903727600017200000260206200016896                         00000000200980475333000000000000000000000000061013102126/200980400000000200980475333130821000000000069923700000  000000000000000000000000000000000000000000000000000000000000000000000000000000000000000000000000000000000000000000000                          1600000000                                                                  000089
1021903727600017200000260206200016896                         00000000400041458786000000000000000000000000061013102126/400041400000000400041458786130821000000000800023700000  000000000000000000000000000000000000000000000000000000000000000000000000000000000000000000000000000000000000000000000                          1600000000                                                                  000090
1021903727600017200000260206200016896                         00000000400100659200000000000000000000000000061013102126/400100600000000400100659200130821000000000800023700000  000000000000000000000000000000000000000000000000000000000000000000000000000000000000000000000000000000000000000000000                          1600000000                                                                  000091
1021903727600017200000260206200016896                         00000000400433267539000000000000000000000000061013102126/400433200000000400433267539130821000000000800023700000  000000000000000000000000000000000000000000000000000000000000000000000000000000000000000000000000000000000000000000000                          1600000000                                                                  000092
1021903727600017200000260206200016896                         00000000400626025729000000000000000000000000061013102126/400626000000000400626025729120821000000012000023700000  000000000000000000000000000000000000000000000000000000000000000000000000000000000000000000000000000000000000000000000                          1600000000                                                                  000093
1021903727600017200000260206200016896                         00000000400684371130000000000000000000000000061013102126/400684300000000400684371130130821000000000800023700000  000000000000000000000000000000000000000000000000000000000000000000000000000000000000000000000000000000000000000000000                          1600000000                                                                  000094
1021903727600017200000260206200016896                         00000000400764052389000000000000000000000000061013102126/400764000000000400764052389130821000000000800023700000  000000000000000000000000000000000000000000000000000000000000000000000000000000000000000000000000000000000000000000000                          1600000000                                                                  000095
1021903727600017200000260206200016896                         00000000400765017218000000000000000000000000061013102126/400765000000000400765017218130821000000000800023700000  000000000000000000000000000000000000000000000000000000000000000000000000000000000000000000000000000000000000000000000                          1600000000                                                                  000096
1021903727600017200000260206200016896                         00000000400774840547000000000000000000000000061013102126/400774800000000400774840547130821000000003000023700000  000000000000000000000000000000000000000000000000000000000000000000000000000000000000000000000000000000000000000000000                          1600000000                                                                  000097
1021903727600017200000260206200016896                         00000000400801288568000000000000000000000000061013102126/400801200000000400801288568130821000000000800023700000  000000000000000000000000000000000000000000000000000000000000000000000000000000000000000000000000000000000000000000000                          1600000000                                                                  000098
1021903727600017200000260206200016896                         00000000400831001247000000000000000000000000061013102126/400831000000000400831001247130821000000000800023700000  000000000000000000000000000000000000000000000000000000000000000000000000000000000000000000000000000000000000000000000                          1600000000                                                                  000099
1021903727600017200000260206200016896                         00000000400919904727000000000000000000000000061013102126/400919900000000400919904727120821000000005500023700000  000000000000000000000000000000000000000000000000000000000000000000000000000000000000000000000000000000000000000000000                          1600000000                                                                  000100
1021903727600017200000260206200016896                         00000000600550407308000000000000000000000000061013102126/600550400000000600550407308130821000000000269923700000  000000000000000000000000000000000000000000000000000000000000000000000000000000000000000000000000000000000000000000000                          1600000000                                                                  000101
1021903727600017200000260206200016896                         00000000600696599365000000000000000000000000061013102126/600696500000000600696599365130821000000000069923700000  000000000000000000000000000000000000000000000000000000000000000000000000000000000000000000000000000000000000000000000                          1600000000                                                                  000102
9201237          000006270000001887669300000786          00039000006666831000005011806000360000050118060002600000032179800000000000000000000000000000000000000000000000000000000000000000000                                                                                                                                                                              00000000000000000000000         000103
