02RETORNO01COBRANCA       00000000000005034448E-PREPAG ADMINISTRADORA DE CAR237BRADESCO       1304220160000000911                                                                                                                                                                                                                                                                          140422         000001
1021903727600017200000260206200016896                         00000000200114935295000000000000000000000000060213042226/200114900000000200114935295160422000000000384523704426  000000000008200000000000000000000000000000000000000000000000000000000000000000000000000000000000000000000000000000000                          0000000000                                                                  000002
1021903727600017200000260206200016896                         00000000200274234064000000000000000000000000060213042226/200274200000000200274234064160422000000000300423704426  000000000008200000000000000000000000000000000000000000000000000000000000000000000000000000000000000000000000000000000                          0000000000                                                                  000003
1021903727600017200000260206200016896                         00000000200994227626000000000000000000000000060213042226/200994200000000200994227626160422000000000269923704424  000000000008200000000000000000000000000000000000000000000000000000000000000000000000000000000000000000000000000000000                          0000000000                                                                  000004
1021903727600017200000260206200016896                         00000000400145047842000000000000000000000000060213042226/400145000000000400145047842160422000000001000023702062  000000000008200000000000000000000000000000000000000000000000000000000000000000000000000000000000000000000000000000000                          7600000000                                                                  000005
1021903727600017200000260206200016896                         00000000400263628418000000000000000000000000060213042226/400263600000000400263628418160422000000001500023704602  000000000008200000000000000000000000000000000000000000000000000000000000000000000000000000000000000000000000000000000                          0000000000                                                                  000006
1021903727600017200000260206200016896                         00000000400288075944000000000000000000000000060213042226/400288000000000400288075944160422000000003000023704154  000000000008200000000000000000000000000000000000000000000000000000000000000000000000000000000000000000000000000000000                          0000000000                                                                  000007
1021903727600017200000260206200016896                         00000000400336367863000000000000000000000000060213042226/400336300000000400336367863160422000000003500023700140  000000000008200000000000000000000000000000000000000000000000000000000000000000000000000000000000000000000000000000000                          0000000000                                                                  000008
1021903727600017200000260206200016896                         00000000400723680987000000000000000000000000060213042226/400723600000000400723680987160422000000000800023700140  000000000008200000000000000000000000000000000000000000000000000000000000000000000000000000000000000000000000000000000                          0000000000                                                                  000009
1021903727600017200000260206200016896                         00000000400818091636000000000000000000000000060213042226/400818000000000400818091636160422000000099000023704151  000000000008200000000000000000000000000000000000000000000000000000000000000000000000000000000000000000000000000000000                          7600000000                                                                  000010
1021903727600017200000260206200016896                         00000000100033877970000000000000000000000000060613042226/100033800000000100033877970130422000000002589826000001  000000000000000000000000000000000000000000000000000000000000000000000000000000000000002589800000000000000000000000000   140422             00000000000000                                                                  000011
1021903727600017200000260206200016896                         00000000200683462060000000000000000000000000060613042226/200683400000000200683462060150422000000000845100100090  000000000000000000000000000000000000000000000000000000000000000000000000000000000000000845100000000000000000000000000   140422             00000000000000                                                                  000012
1021903727600017200000260206200016896                         00000000200994227626000000000000000000000000060613042226/200994200000000200994227626160422000000000269926000001  000000000000000000000000000000000000000000000000000000000000000000000000000000000000000269900000000000000000000000000   140422             00000000000000                                                                  000013
1021903727600017200000260206200016896                         00000000400145047842000000000000000000000000060613042226/400145000000000400145047842160422000000001000032300001  000000000000000000000000000000000000000000000000000000000000000000000000000000000000001000000000000000000000000000000   140422             00000000000000                                                                  000014
1021903727600017200000260206200016896                         00000000400263628418000000000000000000000000060613042226/400263600000000400263628418160422000000001500010403540  000000000000000000000000000000000000000000000000000000000000000000000000000000000000001500000000000000000000000000000   140422             00000000000000                                                                  000015
1021903727600017200000260206200016896                         00000000400336367863000000000000000000000000060613042226/400336300000000400336367863160422000000003500075604327  000000000000000000000000000000000000000000000000000000000000000000000000000000000000003500000000000000000000000000000   140422             00000000000000                                                                  000016
1021903727600017200000260206200016896                         00000000400723680987000000000000000000000000060613042226/400723600000000400723680987160422000000000800010403189  000000000000000000000000000000000000000000000000000000000000000000000000000000000000000800000000000000000000000000000   140422             00000000000000                                                                  000017
1021903727600017200000260206200016896                         00000000400818091636000000000000000000000000060613042226/400818000000000400818091636160422000000099000021200001  000000000000000000000000000000000000000000000000000000000000000000000000000000000000099000000000000000000000000000000   140422             00000000000000                                                                  000018
1021903727600017200000260206200016896                         00000000200046202446000000000000000000000000061013042226/200046200000000200046202446110222000000000631723700000  000000000000000000000000000000000000000000000000000000000000000000000000000000000000000000000000000000000000000000000                          1600000000                                                                  000019
1021903727600017200000260206200016896                         00000000200312574826000000000000000000000000061013042226/200312500000000200312574826110222000000000282623700000  000000000000000000000000000000000000000000000000000000000000000000000000000000000000000000000000000000000000000000000                          1600000000                                                                  000020
1021903727600017200000260206200016896                         00000000200885487782000000000000000000000000061013042226/200885400000000200885487782110222000000000683823700000  000000000000000000000000000000000000000000000000000000000000000000000000000000000000000000000000000000000000000000000                          1600000000                                                                  000021
1021903727600017200000260206200016896                         00000000400211975454000000000000000000000000061013042226/400211900000000400211975454110222000000000800023700000  000000000000000000000000000000000000000000000000000000000000000000000000000000000000000000000000000000000000000000000                          1600000000                                                                  000022
9201237          000001900000000279811100000911          00009000001097548000001095048000080000010950480000400000002398100000000000000000000000000000000000000000000000000000000000000000000                                                                                                                                                                              00000000000000000000000         000023
