02RETORNO01COBRANCA       00000000000005034448E-PREPAG ADMINISTRADORA DE CAR237BRADESCO       1309210160000000765                                                                                                                                                                                                                                                                          140921         000001
1021903727600017200000260206200016896                         00000000100031324753000000000000000000000000060213092126/100031300000000100031324753140921000000001568023704151  000000000008200000000000000000000000000000000000000000000000000000000000000000000000000000000000000000000000000000000                          0000000000                                                                  000002
1021903727600017200000260206200016896                         00000000100031329054000000000000000000000000060213092126/100031300000000100031329054140921000000002380823704151  000000000008200000000000000000000000000000000000000000000000000000000000000000000000000000000000000000000000000000000                          7600000000                                                                  000003
1021903727600017200000260206200016896                         00000000100031343553000000000000000000000000060213092126/100031300000000100031343553140921000000034555623704602  000000000008200000000000000000000000000000000000000000000000000000000000000000000000000000000000000000000000000000000                          0000000000                                                                  000004
1021903727600017200000260206200016896                         0000000010003134407P000000000000000000000000060213092126/10003130000000010003134407P140921000000003310823704436  000000000008200000000000000000000000000000000000000000000000000000000000000000000000000000000000000000000000000000000                          0000000000                                                                  000005
1021903727600017200000260206200016896                         00000000100031344657000000000000000000000000060213092126/100031300000000100031344657140921000000000360023704144  000000000008200000000000000000000000000000000000000000000000000000000000000000000000000000000000000000000000000000000                          7600000000                                                                  000006
1021903727600017200000260206200016896                         00000000100031379523000000000000000000000000060213092126/100031300000000100031379523140921000000002959023704400  000000000008200000000000000000000000000000000000000000000000000000000000000000000000000000000000000000000000000000000                          0000000000                                                                  000007
1021903727600017200000260206200016896                         00000000200054350969000000000000000000000000060213092126/200054300000000200054350969160921000000000721423703109  000000000000000000000000000000000000000000000000000000000000000000000000000000000000000000000000000000000000000000000                          0000000000                                                                  000008
1021903727600017200000260206200016896                         00000000200178099296000000000000000000000000060213092126/200178000000000200178099296140921000000000944323704151  000000000008200000000000000000000000000000000000000000000000000000000000000000000000000000000000000000000000000000000                          0000000000                                                                  000009
1021903727600017200000260206200016896                         00000000200198974010000000000000000000000000060213092126/200198900000000200198974010140921000000000319923704452  000000000008200000000000000000000000000000000000000000000000000000000000000000000000000000000000000000000000000000000                          0000000000                                                                  000010
1021903727600017200000260206200016896                         00000000200301419942000000000000000000000000060213092126/200301400000000200301419942140921000000000413323704400  000000000008200000000000000000000000000000000000000000000000000000000000000000000000000000000000000000000000000000000                          0000000000                                                                  000011
1021903727600017200000260206200016896                         00000000200313783941000000000000000000000000060213092126/200313700000000200313783941150921000000000193123704602  000000000008200000000000000000000000000000000000000000000000000000000000000000000000000000000000000000000000000000000                          0000000000                                                                  000012
1021903727600017200000260206200016896                         00000000200320044798000000000000000000000000060213092126/200320000000000200320044798140921000000000282223704428  000000000008200000000000000000000000000000000000000000000000000000000000000000000000000000000000000000000000000000000                          0000000000                                                                  000013
1021903727600017200000260206200016896                         00000000200444335014000000000000000000000000060213092126/200444300000000200444335014160921000000000429323704151  000000000008200000000000000000000000000000000000000000000000000000000000000000000000000000000000000000000000000000000                          0000000000                                                                  000014
1021903727600017200000260206200016896                         00000000200591406903000000000000000000000000060213092126/200591400000000200591406903140921000000000119923700153  000000000008200000000000000000000000000000000000000000000000000000000000000000000000000000000000000000000000000000000                          0000000000                                                                  000015
1021903727600017200000260206200016896                         00000000200614165488000000000000000000000000060213092126/200614100000000200614165488160921000000000650023704400  000000000008200000000000000000000000000000000000000000000000000000000000000000000000000000000000000000000000000000000                          0000000000                                                                  000016
1021903727600017200000260206200016896                         00000000200625633394000000000000000000000000060213092126/200625600000000200625633394140921000000000429123704151  000000000008200000000000000000000000000000000000000000000000000000000000000000000000000000000000000000000000000000000                          0000000000                                                                  000017
1021903727600017200000260206200016896                         00000000200663600262000000000000000000000000060213092126/200663600000000200663600262140921000000000177323704151  000000000008200000000000000000000000000000000000000000000000000000000000000000000000000000000000000000000000000000000                          0000000000                                                                  000018
1021903727600017200000260206200016896                         00000000200684452557000000000000000000000000060213092126/200684400000000200684452557150921000000000600023704151  000000000008200000000000000000000000000000000000000000000000000000000000000000000000000000000000000000000000000000000                          0000000000                                                                  000019
1021903727600017200000260206200016896                         00000000200739122829000000000000000000000000060213092126/200739100000000200739122829140921000000000944323704151  000000000008200000000000000000000000000000000000000000000000000000000000000000000000000000000000000000000000000000000                          0000000000                                                                  000020
1021903727600017200000260206200016896                         00000000200761286665000000000000000000000000060213092126/200761200000000200761286665140921000000000429123704159  000000000008200000000000000000000000000000000000000000000000000000000000000000000000000000000000000000000000000000000                          0000000000                                                                  000021
1021903727600017200000260206200016896                         00000000200804478784000000000000000000000000060213092126/200804400000000200804478784160921000000000308623704151  000000000008200000000000000000000000000000000000000000000000000000000000000000000000000000000000000000000000000000000                          0000000000                                                                  000022
1021903727600017200000260206200016896                         00000000200815757901000000000000000000000000060213092126/200815700000000200815757901140921000000000429123704151  000000000008200000000000000000000000000000000000000000000000000000000000000000000000000000000000000000000000000000000                          0000000000                                                                  000023
1021903727600017200000260206200016896                         0000000020083067611P000000000000000000000000060213092126/20083060000000020083067611P140921000000000119923704159  000000000008200000000000000000000000000000000000000000000000000000000000000000000000000000000000000000000000000000000                          0000000000                                                                  000024
1021903727600017200000260206200016896                         00000000200839009639000000000000000000000000060213092126/200839000000000200839009639160921000000000308623704424  000000000008200000000000000000000000000000000000000000000000000000000000000000000000000000000000000000000000000000000                          0000000000                                                                  000025
1021903727600017200000260206200016896                         0000000020099490296P000000000000000000000000060213092126/20099490000000020099490296P140921000000000319923704452  000000000008200000000000000000000000000000000000000000000000000000000000000000000000000000000000000000000000000000000                          0000000000                                                                  000026
1021903727600017200000260206200016896                         00000000400020182543000000000000000000000000060213092126/400020100000000400020182543160921000000002100023704143  000000000008200000000000000000000000000000000000000000000000000000000000000000000000000000000000000000000000000000000                          7600000000                                                                  000027
1021903727600017200000260206200016896                         00000000400054302203000000000000000000000000060213092126/400054300000000400054302203140921000000000800023704159  000000000008200000000000000000000000000000000000000000000000000000000000000000000000000000000000000000000000000000000                          0000000000                                                                  000028
1021903727600017200000260206200016896                         00000000400098369186000000000000000000000000060213092126/400098300000000400098369186150921000000001080023700320  000000000008200000000000000000000000000000000000000000000000000000000000000000000000000000000000000000000000000000000                          0000000000                                                                  000029
1021903727600017200000260206200016896                         00000000400105839037000000000000000000000000060213092126/400105800000000400105839037160921000000000800023704159  000000000008200000000000000000000000000000000000000000000000000000000000000000000000000000000000000000000000000000000                          0000000000                                                                  000030
1021903727600017200000260206200016896                         00000000400111860390000000000000000000000000060213092126/400111800000000400111860390140921000000000800023704159  000000000008200000000000000000000000000000000000000000000000000000000000000000000000000000000000000000000000000000000                          0000000000                                                                  000031
1021903727600017200000260206200016896                         00000000400125933129000000000000000000000000060213092126/400125900000000400125933129160921000000000800023703109  000000000008200000000000000000000000000000000000000000000000000000000000000000000000000000000000000000000000000000000                          0000000000                                                                  000032
1021903727600017200000260206200016896                         00000000400131197310000000000000000000000000060213092126/400131100000000400131197310140921000000000800023704159  000000000008200000000000000000000000000000000000000000000000000000000000000000000000000000000000000000000000000000000                          0000000000                                                                  000033
1021903727600017200000260206200016896                         00000000400135170042000000000000000000000000060213092126/400135100000000400135170042140921000000000800023704159  000000000008200000000000000000000000000000000000000000000000000000000000000000000000000000000000000000000000000000000                          0000000000                                                                  000034
1021903727600017200000260206200016896                         0000000040015264970P000000000000000000000000060213092126/40015260000000040015264970P160921000000004000023704159  000000000008200000000000000000000000000000000000000000000000000000000000000000000000000000000000000000000000000000000                          7600000000                                                                  000035
1021903727600017200000260206200016896                         0000000040016404448P000000000000000000000000060213092126/40016400000000040016404448P160921000000005000023704159  000000000008200000000000000000000000000000000000000000000000000000000000000000000000000000000000000000000000000000000                          0000000000                                                                  000036
1021903727600017200000260206200016896                         00000000400192356381000000000000000000000000060213092126/400192300000000400192356381160921000000002000023704143  000000000008200000000000000000000000000000000000000000000000000000000000000000000000000000000000000000000000000000000                          0000000000                                                                  000037
1021903727600017200000260206200016896                         00000000400193397545000000000000000000000000060213092126/400193300000000400193397545160921000000004400023704158  000000000008200000000000000000000000000000000000000000000000000000000000000000000000000000000000000000000000000000000                          0000000000                                                                  000038
1021903727600017200000260206200016896                         00000000400202982634000000000000000000000000060213092126/400202900000000400202982634160921000000001250023704426  000000000008200000000000000000000000000000000000000000000000000000000000000000000000000000000000000000000000000000000                          0000000000                                                                  000039
1021903727600017200000260206200016896                         00000000400210481032000000000000000000000000060213092126/400210400000000400210481032160921000000000800023704159  000000000008200000000000000000000000000000000000000000000000000000000000000000000000000000000000000000000000000000000                          0000000000                                                                  000040
1021903727600017200000260206200016896                         00000000400212640685000000000000000000000000060213092126/400212600000000400212640685160921000000000820023704602  000000000008200000000000000000000000000000000000000000000000000000000000000000000000000000000000000000000000000000000                          7600000000                                                                  000041
1021903727600017200000260206200016896                         00000000400243925351000000000000000000000000060213092126/400243900000000400243925351140921000000001700023704426  000000000008200000000000000000000000000000000000000000000000000000000000000000000000000000000000000000000000000000000                          0000000000                                                                  000042
1021903727600017200000260206200016896                         00000000400245787878000000000000000000000000060213092126/400245700000000400245787878140921000000000800023704422  000000000008200000000000000000000000000000000000000000000000000000000000000000000000000000000000000000000000000000000                          0000000000                                                                  000043
1021903727600017200000260206200016896                         00000000400250063896000000000000000000000000060213092126/400250000000000400250063896160921000000002000023704154  000000000008200000000000000000000000000000000000000000000000000000000000000000000000000000000000000000000000000000000                          0000000000                                                                  000044
1021903727600017200000260206200016896                         00000000400256444239000000000000000000000000060213092126/400256400000000400256444239160921000000000800023704159  000000000008200000000000000000000000000000000000000000000000000000000000000000000000000000000000000000000000000000000                          0000000000                                                                  000045
1021903727600017200000260206200016896                         00000000400275765747000000000000000000000000060213092126/400275700000000400275765747160921000000050000023704151  000000000000000000000000000000000000000000000000000000000000000000000000000000000000000000000000000000000000000000000                          0000000000                                                                  000046
1021903727600017200000260206200016896                         00000000400299214105000000000000000000000000060213092126/400299200000000400299214105160921000000005000023703109  000000000008200000000000000000000000000000000000000000000000000000000000000000000000000000000000000000000000000000000                          0000000000                                                                  000047
1021903727600017200000260206200016896                         00000000400318245483000000000000000000000000060213092126/400318200000000400318245483140921000000008000023704143  000000000008200000000000000000000000000000000000000000000000000000000000000000000000000000000000000000000000000000000                          0000000000                                                                  000048
1021903727600017200000260206200016896                         00000000400335915883000000000000000000000000060213092126/400335900000000400335915883160921000000099000023704151  000000000008200000000000000000000000000000000000000000000000000000000000000000000000000000000000000000000000000000000                          7600000000                                                                  000049
1021903727600017200000260206200016896                         00000000400346084878000000000000000000000000060213092126/400346000000000400346084878160921000000000800023704159  000000000008200000000000000000000000000000000000000000000000000000000000000000000000000000000000000000000000000000000                          0000000000                                                                  000050
1021903727600017200000260206200016896                         0000000040035317436P000000000000000000000000060213092126/40035310000000040035317436P160921000000028500023700321  000000000008200000000000000000000000000000000000000000000000000000000000000000000000000000000000000000000000000000000                          0000000000                                                                  000051
1021903727600017200000260206200016896                         00000000400380815962000000000000000000000000060213092126/400380800000000400380815962160921000000000830023704602  000000000008200000000000000000000000000000000000000000000000000000000000000000000000000000000000000000000000000000000                          7600000000                                                                  000052
1021903727600017200000260206200016896                         00000000400389686510000000000000000000000000060213092126/400389600000000400389686510160921000000000800023704159  000000000008200000000000000000000000000000000000000000000000000000000000000000000000000000000000000000000000000000000                          0000000000                                                                  000053
1021903727600017200000260206200016896                         00000000400398242455000000000000000000000000060213092126/400398200000000400398242455160921000000003000023704426  000000000008200000000000000000000000000000000000000000000000000000000000000000000000000000000000000000000000000000000                          7600000000                                                                  000054
1021903727600017200000260206200016896                         00000000400400003102000000000000000000000000060213092126/400400000000000400400003102160921000000011250023704154  000000000008200000000000000000000000000000000000000000000000000000000000000000000000000000000000000000000000000000000                          0000000000                                                                  000055
1021903727600017200000260206200016896                         00000000400413533925000000000000000000000000060213092126/400413500000000400413533925160921000000000800023704159  000000000008200000000000000000000000000000000000000000000000000000000000000000000000000000000000000000000000000000000                          0000000000                                                                  000056
1021903727600017200000260206200016896                         00000000400427814463000000000000000000000000060213092126/400427800000000400427814463140921000000002540023704154  000000000008200000000000000000000000000000000000000000000000000000000000000000000000000000000000000000000000000000000                          0000000000                                                                  000057
1021903727600017200000260206200016896                         00000000400433543080000000000000000000000000060213092126/400433500000000400433543080160921000000001100023704426  000000000008200000000000000000000000000000000000000000000000000000000000000000000000000000000000000000000000000000000                          0000000000                                                                  000058
1021903727600017200000260206200016896                         0000000040043876915P000000000000000000000000060213092126/40043870000000040043876915P140921000000000800023704159  000000000008200000000000000000000000000000000000000000000000000000000000000000000000000000000000000000000000000000000                          0000000000                                                                  000059
1021903727600017200000260206200016896                         00000000400446849448000000000000000000000000060213092126/400446800000000400446849448160921000000000800023704602  000000000008200000000000000000000000000000000000000000000000000000000000000000000000000000000000000000000000000000000                          7600000000                                                                  000060
1021903727600017200000260206200016896                         00000000400451893242000000000000000000000000060213092126/400451800000000400451893242140921000000001500023704424  000000000008200000000000000000000000000000000000000000000000000000000000000000000000000000000000000000000000000000000                          0000000000                                                                  000061
1021903727600017200000260206200016896                         00000000400456047064000000000000000000000000060213092126/400456000000000400456047064160921000000010800023704151  000000000008200000000000000000000000000000000000000000000000000000000000000000000000000000000000000000000000000000000                          7600000000                                                                  000062
1021903727600017200000260206200016896                         0000000040045865619P000000000000000000000000060213092126/40045860000000040045865619P140921000000000800023704159  000000000008200000000000000000000000000000000000000000000000000000000000000000000000000000000000000000000000000000000                          0000000000                                                                  000063
1021903727600017200000260206200016896                         00000000400473469711000000000000000000000000060213092126/400473400000000400473469711140921000000000800023704159  000000000008200000000000000000000000000000000000000000000000000000000000000000000000000000000000000000000000000000000                          0000000000                                                                  000064
1021903727600017200000260206200016896                         00000000400479386834000000000000000000000000060213092126/400479300000000400479386834160921000000002600023704422  000000000008200000000000000000000000000000000000000000000000000000000000000000000000000000000000000000000000000000000                          7600000000                                                                  000065
1021903727600017200000260206200016896                         00000000400500031227000000000000000000000000060213092126/400500000000000400500031227160921000000000800023704159  000000000008200000000000000000000000000000000000000000000000000000000000000000000000000000000000000000000000000000000                          0000000000                                                                  000066
1021903727600017200000260206200016896                         00000000400520783098000000000000000000000000060213092126/400520700000000400520783098140921000000003000023704151  000000000008200000000000000000000000000000000000000000000000000000000000000000000000000000000000000000000000000000000                          0000000000                                                                  000067
1021903727600017200000260206200016896                         00000000400521379738000000000000000000000000060213092126/400521300000000400521379738160921000000005000023700140  000000000008200000000000000000000000000000000000000000000000000000000000000000000000000000000000000000000000000000000                          0000000000                                                                  000068
1021903727600017200000260206200016896                         00000000400566994336000000000000000000000000060213092126/400566900000000400566994336130921000000005000023704159  000000000008200000000000000000000000000000000000000000000000000000000000000000000000000000000000000000000000000000000                          0000000000                                                                  000069
1021903727600017200000260206200016896                         00000000400571664964000000000000000000000000060213092126/400571600000000400571664964160921000000012000023704143  000000000008200000000000000000000000000000000000000000000000000000000000000000000000000000000000000000000000000000000                          7600000000                                                                  000070
1021903727600017200000260206200016896                         00000000400573469239000000000000000000000000060213092126/400573400000000400573469239160921000000001000023704400  000000000008200000000000000000000000000000000000000000000000000000000000000000000000000000000000000000000000000000000                          0000000000                                                                  000071
1021903727600017200000260206200016896                         00000000400579923357000000000000000000000000060213092126/400579900000000400579923357150921000000005000023704159  000000000008200000000000000000000000000000000000000000000000000000000000000000000000000000000000000000000000000000000                          0000000000                                                                  000072
1021903727600017200000260206200016896                         00000000400585684488000000000000000000000000060213092126/400585600000000400585684488140921000000000800023704159  000000000008200000000000000000000000000000000000000000000000000000000000000000000000000000000000000000000000000000000                          0000000000                                                                  000073
1021903727600017200000260206200016896                         00000000400602997762000000000000000000000000060213092126/400602900000000400602997762160921000000000800023704159  000000000008200000000000000000000000000000000000000000000000000000000000000000000000000000000000000000000000000000000                          0000000000                                                                  000074
1021903727600017200000260206200016896                         0000000040060462968P000000000000000000000000060213092126/40060460000000040060462968P160921000000001000023704422  000000000008200000000000000000000000000000000000000000000000000000000000000000000000000000000000000000000000000000000                          0000000000                                                                  000075
1021903727600017200000260206200016896                         00000000400604656482000000000000000000000000060213092126/400604600000000400604656482140921000000000800023704159  000000000008200000000000000000000000000000000000000000000000000000000000000000000000000000000000000000000000000000000                          0000000000                                                                  000076
1021903727600017200000260206200016896                         00000000400606751830000000000000000000000000060213092126/400606700000000400606751830160921000000020000023704159  000000000008200000000000000000000000000000000000000000000000000000000000000000000000000000000000000000000000000000000                          0000000000                                                                  000077
1021903727600017200000260206200016896                         00000000400609662723000000000000000000000000060213092126/400609600000000400609662723160921000000001500023704152  000000000008200000000000000000000000000000000000000000000000000000000000000000000000000000000000000000000000000000000                          0000000000                                                                  000078
1021903727600017200000260206200016896                         00000000400630367898000000000000000000000000060213092126/400630300000000400630367898160921000000000800023704159  000000000008200000000000000000000000000000000000000000000000000000000000000000000000000000000000000000000000000000000                          0000000000                                                                  000079
1021903727600017200000260206200016896                         00000000400648069991000000000000000000000000060213092126/400648000000000400648069991160921000000000800023700140  000000000008200000000000000000000000000000000000000000000000000000000000000000000000000000000000000000000000000000000                          0000000000                                                                  000080
1021903727600017200000260206200016896                         00000000400676408041000000000000000000000000060213092126/400676400000000400676408041140921000000004790023704154  000000000008200000000000000000000000000000000000000000000000000000000000000000000000000000000000000000000000000000000                          0000000000                                                                  000081
1021903727600017200000260206200016896                         00000000400701210596000000000000000000000000060213092126/400701200000000400701210596140921000000000800023704151  000000000008200000000000000000000000000000000000000000000000000000000000000000000000000000000000000000000000000000000                          0000000000                                                                  000082
1021903727600017200000260206200016896                         00000000400724855306000000000000000000000000060213092126/400724800000000400724855306160921000000007900023704159  000000000008200000000000000000000000000000000000000000000000000000000000000000000000000000000000000000000000000000000                          0000000000                                                                  000083
1021903727600017200000260206200016896                         00000000400753649480000000000000000000000000060213092126/400753600000000400753649480160921000000005510023702062  000000000008200000000000000000000000000000000000000000000000000000000000000000000000000000000000000000000000000000000                          0000000000                                                                  000084
1021903727600017200000260206200016896                         00000000400786093984000000000000000000000000060213092126/400786000000000400786093984160921000000010720023704144  000000000008200000000000000000000000000000000000000000000000000000000000000000000000000000000000000000000000000000000                          0000000000                                                                  000085
1021903727600017200000260206200016896                         00000000400803748906000000000000000000000000060213092126/400803700000000400803748906160921000000000810023704602  000000000008200000000000000000000000000000000000000000000000000000000000000000000000000000000000000000000000000000000                          7600000000                                                                  000086
1021903727600017200000260206200016896                         0000000040085326120P000000000000000000000000060213092126/40085320000000040085326120P160921000000021500023700321  000000000008200000000000000000000000000000000000000000000000000000000000000000000000000000000000000000000000000000000                          0000000000                                                                  000087
1021903727600017200000260206200016896                         00000000400871981597000000000000000000000000060213092126/400871900000000400871981597140921000000000800023704159  000000000008200000000000000000000000000000000000000000000000000000000000000000000000000000000000000000000000000000000                          0000000000                                                                  000088
1021903727600017200000260206200016896                         00000000400872538158000000000000000000000000060213092126/400872500000000400872538158160921000000000800023704159  000000000008200000000000000000000000000000000000000000000000000000000000000000000000000000000000000000000000000000000                          0000000000                                                                  000089
1021903727600017200000260206200016896                         00000000400887539061000000000000000000000000060213092126/400887500000000400887539061160921000000000800023704159  000000000008200000000000000000000000000000000000000000000000000000000000000000000000000000000000000000000000000000000                          0000000000                                                                  000090
1021903727600017200000260206200016896                         00000000400897819658000000000000000000000000060213092126/400897800000000400897819658140921000000000800023704159  000000000008200000000000000000000000000000000000000000000000000000000000000000000000000000000000000000000000000000000                          0000000000                                                                  000091
1021903727600017200000260206200016896                         0000000040093924877P000000000000000000000000060213092126/40093920000000040093924877P140921000000000800023704159  000000000008200000000000000000000000000000000000000000000000000000000000000000000000000000000000000000000000000000000                          0000000000                                                                  000092
1021903727600017200000260206200016896                         00000000400940081188000000000000000000000000060213092126/400940000000000400940081188160921000000012000023700140  000000000008200000000000000000000000000000000000000000000000000000000000000000000000000000000000000000000000000000000                          0000000000                                                                  000093
1021903727600017200000260206200016896                         00000000400940864395000000000000000000000000060213092126/400940800000000400940864395140921000000000800023704159  000000000008200000000000000000000000000000000000000000000000000000000000000000000000000000000000000000000000000000000                          0000000000                                                                  000094
1021903727600017200000260206200016896                         00000000400946319488000000000000000000000000060213092126/400946300000000400946319488140921000000000800023704159  000000000008200000000000000000000000000000000000000000000000000000000000000000000000000000000000000000000000000000000                          0000000000                                                                  000095
1021903727600017200000260206200016896                         00000000400947406929000000000000000000000000060213092126/400947400000000400947406929160921000000000800023704159  000000000008200000000000000000000000000000000000000000000000000000000000000000000000000000000000000000000000000000000                          0000000000                                                                  000096
1021903727600017200000260206200016896                         00000000400997318281000000000000000000000000060213092126/400997300000000400997318281140921000000000800023704159  000000000008200000000000000000000000000000000000000000000000000000000000000000000000000000000000000000000000000000000                          0000000000                                                                  000097
1021903727600017200000260206200016896                         00000000600320999052000000000000000000000000060213092126/600320900000000600320999052140921000000000069923700321  000000000008200000000000000000000000000000000000000000000000000000000000000000000000000000000000000000000000000000000                          0000000000                                                                  000098
1021903727600017200000260206200016896                         00000000100031324753000000000000000000000000060613092126/100031300000000100031324753140921000000001568001600002  000000000000000000000000000000000000000000000000000000000000000000000000000000000000001568000000000000000000000000000   140921             00000000000000                                                                  000099
1021903727600017200000260206200016896                         00000000100031329054000000000000000000000000060613092126/100031300000000100031329054140921000000002380807700001  000000000000000000000000000000000000000000000000000000000000000000000000000000000000002380800000000000000000000000000   140921             00000000000000                                                                  000100
1021903727600017200000260206200016896                         00000000100031343553000000000000000000000000060613092126/100031300000000100031343553140921000000034555634106805  000000000000000000000000000000000000000000000000000000000000000000000000000000000000034555600000000000000000000000000   140921             00000000000000                                                                  000101
1021903727600017200000260206200016896                         0000000010003134407P000000000000000000000000060613092126/10003130000000010003134407P140921000000003310863300001  000000000000000000000000000000000000000000000000000000000000000000000000000000000000003310800000000000000000000000000   140921             00000000000000                                                                  000102
1021903727600017200000260206200016896                         00000000100031379523000000000000000000000000060613092126/100031300000000100031379523140921000000002959034108570  000000000000000000000000000000000000000000000000000000000000000000000000000000000000002959000000000000000000000000000   140921             00000000000000                                                                  000103
1021903727600017200000260206200016896                         00000000200178099296000000000000000000000000060613092126/200178000000000200178099296140921000000000944310401655  000000000000000000000000000000000000000000000000000000000000000000000000000000000000000944300000000000000000000000000   140921             00000000000000                                                                  000104
1021903727600017200000260206200016896                         00000000200320044798000000000000000000000000060613092126/200320000000000200320044798140921000000000282226000001  000000000000000000000000000000000000000000000000000000000000000000000000000000000000000282200000000000000000000000000   140921             00000000000000                                                                  000105
1021903727600017200000260206200016896                         00000000200537666967000000000000000000000000060613092126/200537600000000200537666967120921000000000638310400478  000000000000000000000000000000000000000000000000000000000000000000000000000000000000000638300000000000000000000000000   140921             00000000000000                                                                  000106
1021903727600017200000260206200016896                         00000000200591406903000000000000000000000000060613092126/200591400000000200591406903140921000000000119900102290  000000000000000000000000000000000000000000000000000000000000000000000000000000000000000119900000000000000000000000000   140921             00000000000000                                                                  000107
1021903727600017200000260206200016896                         00000000200614165488000000000000000000000000060613092126/200614100000000200614165488160921000000000650034103767  000000000000000000000000000000000000000000000000000000000000000000000000000000000000000650000000000000000000000000000   140921             00000000000000                                                                  000108
1021903727600017200000260206200016896                         00000000200628170492000000000000000000000000060613092126/200628100000000200628170492130921000000000169910400126  000000000000000000000000000000000000000000000000000000000000000000000000000000000000000169900000000000000000000000000   140921             00000000000000                                                                  000109
1021903727600017200000260206200016896                         00000000200663600262000000000000000000000000060613092126/200663600000000200663600262140921000000000177334101667  000000000000000000000000000000000000000000000000000000000000000000000000000000000000000177300000000000000000000000000   140921             00000000000000                                                                  000110
1021903727600017200000260206200016896                         00000000200684452557000000000000000000000000060613092126/200684400000000200684452557150921000000000600003300355  000000000000000000000000000000000000000000000000000000000000000000000000000000000000000600000000000000000000000000000   140921             00000000000000                                                                  000111
1021903727600017200000260206200016896                         00000000200739122829000000000000000000000000060613092126/200739100000000200739122829140921000000000944310401655  000000000000000000000000000000000000000000000000000000000000000000000000000000000000000944300000000000000000000000000   140921             00000000000000                                                                  000112
1021903727600017200000260206200016896                         00000000200761286665000000000000000000000000060613092126/200761200000000200761286665140921000000000429126000001  000000000000000000000000000000000000000000000000000000000000000000000000000000000000000429100000000000000000000000000   140921             00000000000000                                                                  000113
1021903727600017200000260206200016896                         00000000200804478784000000000000000000000000060613092126/200804400000000200804478784160921000000000308634103768  000000000000000000000000000000000000000000000000000000000000000000000000000000000000000308600000000000000000000000000   140921             00000000000000                                                                  000114
1021903727600017200000260206200016896                         00000000200815757901000000000000000000000000060613092126/200815700000000200815757901140921000000000429110401655  000000000000000000000000000000000000000000000000000000000000000000000000000000000000000429100000000000000000000000000   140921             00000000000000                                                                  000115
1021903727600017200000260206200016896                         0000000020083067611P000000000000000000000000060613092126/20083060000000020083067611P140921000000000119910403017  000000000000000000000000000000000000000000000000000000000000000000000000000000000000000119900000000000000000000000000   140921             00000000000000                                                                  000116
1021903727600017200000260206200016896                         0000000020099490296P000000000000000000000000060613092126/20099490000000020099490296P140921000000000319921200001  000000000000000000000000000000000000000000000000000000000000000000000000000000000000000319900000000000000000000000000   140921             00000000000000                                                                  000117
1021903727600017200000260206200016896                         00000000400020182543000000000000000000000000060613092126/400020100000000400020182543160921000000002100023702151  000000000000000000000000000000000000000000000000000000000000000000000000000000000000002100000000000000000000000000000   140921             00000000000000                                                                  000118
1021903727600017200000260206200016896                         00000000400054302203000000000000000000000000060613092126/400054300000000400054302203140921000000000800065500001  000000000000000000000000000000000000000000000000000000000000000000000000000000000000000800000000000000000000000000000   140921             00000000000000                                                                  000119
1021903727600017200000260206200016896                         00000000400105839037000000000000000000000000060613092126/400105800000000400105839037160921000000000800065500001  000000000000000000000000000000000000000000000000000000000000000000000000000000000000000800000000000000000000000000000   140921             00000000000000                                                                  000120
1021903727600017200000260206200016896                         00000000400111860390000000000000000000000000060613092126/400111800000000400111860390140921000000000800065500001  000000000000000000000000000000000000000000000000000000000000000000000000000000000000000800000000000000000000000000000   140921             00000000000000                                                                  000121
1021903727600017200000260206200016896                         00000000400125933129000000000000000000000000060613092126/400125900000000400125933129160921000000000800065500001  000000000000000000000000000000000000000000000000000000000000000000000000000000000000000800000000000000000000000000000   140921             00000000000000                                                                  000122
1021903727600017200000260206200016896                         00000000400135170042000000000000000000000000060613092126/400135100000000400135170042140921000000000800065500001  000000000000000000000000000000000000000000000000000000000000000000000000000000000000000800000000000000000000000000000   140921             00000000000000                                                                  000123
1021903727600017200000260206200016896                         0000000040015264970P000000000000000000000000060613092126/40015260000000040015264970P160921000000004000003304048  000000000000000000000000000000000000000000000000000000000000000000000000000000000000004000000000000000000000000000000   140921             00000000000000                                                                  000124
1021903727600017200000260206200016896                         00000000400159404966000000000000000000000000060613092126/400159400000000400159404966130921000000000800065500001  000000000000000000000000000000000000000000000000000000000000000000000000000000000000000800000000000000000000000000000   140921             00000000000000                                                                  000125
1021903727600017200000260206200016896                         0000000040016404448P000000000000000000000000060613092126/40016400000000040016404448P160921000000005000000100922  000000000000000000000000000000000000000000000000000000000000000000000000000000000000005000000000000000000000000000000   140921             00000000000000                                                                  000126
1021903727600017200000260206200016896                         00000000400192356381000000000000000000000000060613092126/400192300000000400192356381160921000000002000013601401  000000000000000000000000000000000000000000000000000000000000000000000000000000000000002000000000000000000000000000000   140921             00000000000000                                                                  000127
1021903727600017200000260206200016896                         00000000400202982634000000000000000000000000060613092126/400202900000000400202982634160921000000001250074801443  000000000000000000000000000000000000000000000000000000000000000000000000000000000000001250000000000000000000000000000   140921             00000000000000                                                                  000128
1021903727600017200000260206200016896                         00000000400210481032000000000000000000000000060613092126/400210400000000400210481032160921000000000800065500001  000000000000000000000000000000000000000000000000000000000000000000000000000000000000000800000000000000000000000000000   140921             00000000000000                                                                  000129
1021903727600017200000260206200016896                         00000000400212640685000000000000000000000000060613092126/400212600000000400212640685160921000000000820075600259  000000000000000000000000000000000000000000000000000000000000000000000000000000000000000820000000000000000000000000000   140921             00000000000000                                                                  000130
1021903727600017200000260206200016896                         00000000400243925351000000000000000000000000060613092126/400243900000000400243925351140921000000001700010400489  000000000000000000000000000000000000000000000000000000000000000000000000000000000000001700000000000000000000000000000   140921             00000000000000                                                                  000131
1021903727600017200000260206200016896                         00000000400245787878000000000000000000000000060613092126/400245700000000400245787878140921000000000800075604327  000000000000000000000000000000000000000000000000000000000000000000000000000000000000000800000000000000000000000000000   140921             00000000000000                                                                  000132
1021903727600017200000260206200016896                         00000000400246791488000000000000000000000000060613092126/400246700000000400246791488130921000000000800065500001  000000000000000000000000000000000000000000000000000000000000000000000000000000000000000800000000000000000000000000000   140921             00000000000000                                                                  000133
1021903727600017200000260206200016896                         00000000400250063896000000000000000000000000060613092126/400250000000000400250063896160921000000002000010402898  000000000000000000000000000000000000000000000000000000000000000000000000000000000000002000000000000000000000000000000   140921             00000000000000                                                                  000134
1021903727600017200000260206200016896                         00000000400256444239000000000000000000000000060613092126/400256400000000400256444239160921000000000800065500001  000000000000000000000000000000000000000000000000000000000000000000000000000000000000000800000000000000000000000000000   140921             00000000000000                                                                  000135
1021903727600017200000260206200016896                         00000000400258803007000000000000000000000000060613092126/400258800000000400258803007120921000000002670010400422  000000000000000000000000000000000000000000000000000000000000000000000000000000000000002670000000000000000000000000000   140921             00000000000000                                                                  000136
1021903727600017200000260206200016896                         00000000400299214105000000000000000000000000060613092126/400299200000000400299214105160921000000005000010403584  000000000000000000000000000000000000000000000000000000000000000000000000000000000000005000000000000000000000000000000   140921             00000000000000                                                                  000137
1021903727600017200000260206200016896                         00000000400318245483000000000000000000000000060613092126/400318200000000400318245483140921000000008000010403646  000000000000000000000000000000000000000000000000000000000000000000000000000000000000008000000000000000000000000000000   140921             00000000000000                                                                  000138
1021903727600017200000260206200016896                         00000000400335915883000000000000000000000000060613092126/400335900000000400335915883160921000000099000021200001  000000000000000000000000000000000000000000000000000000000000000000000000000000000000099000000000000000000000000000000   140921             00000000000000                                                                  000139
1021903727600017200000260206200016896                         00000000400346084878000000000000000000000000060613092126/400346000000000400346084878160921000000000800065500001  000000000000000000000000000000000000000000000000000000000000000000000000000000000000000800000000000000000000000000000   140921             00000000000000                                                                  000140
1021903727600017200000260206200016896                         0000000040035317436P000000000000000000000000060613092126/40035310000000040035317436P160921000000028500007700001  000000000000000000000000000000000000000000000000000000000000000000000000000000000000028500000000000000000000000000000   140921             00000000000000                                                                  000141
1021903727600017200000260206200016896                         00000000400380815962000000000000000000000000060613092126/400380800000000400380815962160921000000000830075600259  000000000000000000000000000000000000000000000000000000000000000000000000000000000000000830000000000000000000000000000   140921             00000000000000                                                                  000142
1021903727600017200000260206200016896                         00000000400389686510000000000000000000000000060613092126/400389600000000400389686510160921000000000800065500001  000000000000000000000000000000000000000000000000000000000000000000000000000000000000000800000000000000000000000000000   140921             00000000000000                                                                  000143
1021903727600017200000260206200016896                         00000000400398242455000000000000000000000000060613092126/400398200000000400398242455160921000000003000004100170  000000000000000000000000000000000000000000000000000000000000000000000000000000000000003000000000000000000000000000000   140921             00000000000000                                                                  000144
1021903727600017200000260206200016896                         00000000400413533925000000000000000000000000060613092126/400413500000000400413533925160921000000000800065500001  000000000000000000000000000000000000000000000000000000000000000000000000000000000000000800000000000000000000000000000   140921             00000000000000                                                                  000145
1021903727600017200000260206200016896                         00000000400433543080000000000000000000000000060613092126/400433500000000400433543080160921000000001100004100377  000000000000000000000000000000000000000000000000000000000000000000000000000000000000001100000000000000000000000000000   140921             00000000000000                                                                  000146
1021903727600017200000260206200016896                         0000000040043876915P000000000000000000000000060613092126/40043870000000040043876915P140921000000000800065500001  000000000000000000000000000000000000000000000000000000000000000000000000000000000000000800000000000000000000000000000   140921             00000000000000                                                                  000147
1021903727600017200000260206200016896                         00000000400446849448000000000000000000000000060613092126/400446800000000400446849448160921000000000800075600259  000000000000000000000000000000000000000000000000000000000000000000000000000000000000000800000000000000000000000000000   140921             00000000000000                                                                  000148
1021903727600017200000260206200016896                         00000000400451893242000000000000000000000000060613092126/400451800000000400451893242140921000000001500010403880  000000000000000000000000000000000000000000000000000000000000000000000000000000000000001500000000000000000000000000000   140921             00000000000000                                                                  000149
1021903727600017200000260206200016896                         00000000400456047064000000000000000000000000060613092126/400456000000000400456047064160921000000010800063300001  000000000000000000000000000000000000000000000000000000000000000000000000000000000000010800000000000000000000000000000   140921             00000000000000                                                                  000150
1021903727600017200000260206200016896                         0000000040045865619P000000000000000000000000060613092126/40045860000000040045865619P140921000000000800065500001  000000000000000000000000000000000000000000000000000000000000000000000000000000000000000800000000000000000000000000000   140921             00000000000000                                                                  000151
1021903727600017200000260206200016896                         00000000400467398640000000000000000000000000060613092126/400467300000000400467398640130921000000000800065500001  000000000000000000000000000000000000000000000000000000000000000000000000000000000000000800000000000000000000000000000   140921             00000000000000                                                                  000152
1021903727600017200000260206200016896                         00000000400487422114000000000000000000000000060613092126/400487400000000400487422114130921000000000800065500001  000000000000000000000000000000000000000000000000000000000000000000000000000000000000000800000000000000000000000000000   140921             00000000000000                                                                  000153
1021903727600017200000260206200016896                         00000000400500031227000000000000000000000000060613092126/400500000000000400500031227160921000000000800065500001  000000000000000000000000000000000000000000000000000000000000000000000000000000000000000800000000000000000000000000000   140921             00000000000000                                                                  000154
1021903727600017200000260206200016896                         00000000400520783098000000000000000000000000060613092126/400520700000000400520783098140921000000003000063300001  000000000000000000000000000000000000000000000000000000000000000000000000000000000000003000000000000000000000000000000   140921             00000000000000                                                                  000155
1021903727600017200000260206200016896                         00000000400521379738000000000000000000000000060613092126/400521300000000400521379738160921000000005000007000264  000000000000000000000000000000000000000000000000000000000000000000000000000000000000005000000000000000000000000000000   140921             00000000000000                                                                  000156
1021903727600017200000260206200016896                         00000000400585684488000000000000000000000000060613092126/400585600000000400585684488140921000000000800065500001  000000000000000000000000000000000000000000000000000000000000000000000000000000000000000800000000000000000000000000000   140921             00000000000000                                                                  000157
1021903727600017200000260206200016896                         00000000400602997762000000000000000000000000060613092126/400602900000000400602997762160921000000000800065500001  000000000000000000000000000000000000000000000000000000000000000000000000000000000000000800000000000000000000000000000   140921             00000000000000                                                                  000158
1021903727600017200000260206200016896                         0000000040060462968P000000000000000000000000060613092126/40060460000000040060462968P160921000000001000000103192  000000000000000000000000000000000000000000000000000000000000000000000000000000000000001000000000000000000000000000000   140921             00000000000000                                                                  000159
1021903727600017200000260206200016896                         00000000400604656482000000000000000000000000060613092126/400604600000000400604656482140921000000000800065500001  000000000000000000000000000000000000000000000000000000000000000000000000000000000000000800000000000000000000000000000   140921             00000000000000                                                                  000160
1021903727600017200000260206200016896                         00000000400606751830000000000000000000000000060613092126/400606700000000400606751830160921000000020000010401580  000000000000000000000000000000000000000000000000000000000000000000000000000000000000020000000000000000000000000000000   140921             00000000000000                                                                  000161
1021903727600017200000260206200016896                         00000000400609662723000000000000000000000000060613092126/400609600000000400609662723160921000000001500023700536  000000000000000000000000000000000000000000000000000000000000000000000000000000000000001500000000000000000000000000000   140921             00000000000000                                                                  000162
1021903727600017200000260206200016896                         00000000400630367898000000000000000000000000060613092126/400630300000000400630367898160921000000000800065500001  000000000000000000000000000000000000000000000000000000000000000000000000000000000000000800000000000000000000000000000   140921             00000000000000                                                                  000163
1021903727600017200000260206200016896                         00000000400701210596000000000000000000000000060613092126/400701200000000400701210596140921000000000800063300001  000000000000000000000000000000000000000000000000000000000000000000000000000000000000000800000000000000000000000000000   140921             00000000000000                                                                  000164
1021903727600017200000260206200016896                         00000000400724855306000000000000000000000000060613092126/400724800000000400724855306160921000000007900075604327  000000000000000000000000000000000000000000000000000000000000000000000000000000000000007900000000000000000000000000000   140921             00000000000000                                                                  000165
1021903727600017200000260206200016896                         00000000400741928872000000000000000000000000060613092126/400741900000000400741928872130921000000000800065500001  000000000000000000000000000000000000000000000000000000000000000000000000000000000000000800000000000000000000000000000   140921             00000000000000                                                                  000166
1021903727600017200000260206200016896                         00000000400753649480000000000000000000000000060613092126/400753600000000400753649480160921000000005510010402257  000000000000000000000000000000000000000000000000000000000000000000000000000000000000005510000000000000000000000000000   140921             00000000000000                                                                  000167
1021903727600017200000260206200016896                         00000000400764934934000000000000000000000000060613092126/400764900000000400764934934110921000000001400010400422  000000000000000000000000000000000000000000000000000000000000000000000000000000000000001400000000000000000000000000000   140921             00000000000000                                                                  000168
1021903727600017200000260206200016896                         00000000400786093984000000000000000000000000060613092126/400786000000000400786093984160921000000010720063300001  000000000000000000000000000000000000000000000000000000000000000000000000000000000000010720000000000000000000000000000   140921             00000000000000                                                                  000169
1021903727600017200000260206200016896                         00000000400792037484000000000000000000000000060613092126/400792000000000400792037484130921000000010660010400721  000000000000000000000000000000000000000000000000000000000000000000000000000000000000010660000000000000000000000000000   140921             00000000000000                                                                  000170
1021903727600017200000260206200016896                         00000000400803748906000000000000000000000000060613092126/400803700000000400803748906160921000000000810075600259  000000000000000000000000000000000000000000000000000000000000000000000000000000000000000810000000000000000000000000000   140921             00000000000000                                                                  000171
1021903727600017200000260206200016896                         00000000400813122762000000000000000000000000060613092126/400813100000000400813122762130921000000005000010404354  000000000000000000000000000000000000000000000000000000000000000000000000000000000000005000000000000000000000000000000   140921             00000000000000                                                                  000172
1021903727600017200000260206200016896                         00000000400814423057000000000000000000000000060613092126/400814400000000400814423057130921000000000800065500001  000000000000000000000000000000000000000000000000000000000000000000000000000000000000000800000000000000000000000000000   140921             00000000000000                                                                  000173
1021903727600017200000260206200016896                         0000000040085326120P000000000000000000000000060613092126/40085320000000040085326120P160921000000021500026000001  000000000000000000000000000000000000000000000000000000000000000000000000000000000000021500000000000000000000000000000   140921             00000000000000                                                                  000174
1021903727600017200000260206200016896                         00000000400872538158000000000000000000000000060613092126/400872500000000400872538158160921000000000800065500001  000000000000000000000000000000000000000000000000000000000000000000000000000000000000000800000000000000000000000000000   140921             00000000000000                                                                  000175
1021903727600017200000260206200016896                         00000000400887539061000000000000000000000000060613092126/400887500000000400887539061160921000000000800065500001  000000000000000000000000000000000000000000000000000000000000000000000000000000000000000800000000000000000000000000000   140921             00000000000000                                                                  000176
1021903727600017200000260206200016896                         00000000400897819658000000000000000000000000060613092126/400897800000000400897819658140921000000000800065500001  000000000000000000000000000000000000000000000000000000000000000000000000000000000000000800000000000000000000000000000   140921             00000000000000                                                                  000177
1021903727600017200000260206200016896                         00000000400940081188000000000000000000000000060613092126/400940000000000400940081188160921000000012000075604327  000000000000000000000000000000000000000000000000000000000000000000000000000000000000012000000000000000000000000000000   140921             00000000000000                                                                  000178
1021903727600017200000260206200016896                         00000000400940864395000000000000000000000000060613092126/400940800000000400940864395140921000000000800065500001  000000000000000000000000000000000000000000000000000000000000000000000000000000000000000800000000000000000000000000000   140921             00000000000000                                                                  000179
1021903727600017200000260206200016896                         00000000400946319488000000000000000000000000060613092126/400946300000000400946319488140921000000000800065500001  000000000000000000000000000000000000000000000000000000000000000000000000000000000000000800000000000000000000000000000   140921             00000000000000                                                                  000180
1021903727600017200000260206200016896                         00000000400947406929000000000000000000000000060613092126/400947400000000400947406929160921000000000800065500001  000000000000000000000000000000000000000000000000000000000000000000000000000000000000000800000000000000000000000000000   140921             00000000000000                                                                  000181
1021903727600017200000260206200016896                         0000000040096269017P000000000000000000000000060613092126/40096260000000040096269017P120921000000001420010400422  000000000000000000000000000000000000000000000000000000000000000000000000000000000000001420000000000000000000000000000   140921             00000000000000                                                                  000182
1021903727600017200000260206200016896                         00000000400997318281000000000000000000000000060613092126/400997300000000400997318281140921000000000800065500001  000000000000000000000000000000000000000000000000000000000000000000000000000000000000000800000000000000000000000000000   140921             00000000000000                                                                  000183
1021903727600017200000260206200016896                         0000000020025779806P000000000000000000000000061013092126/20025770000000020025779806P130721000000000049923700000  000000000000000000000000000000000000000000000000000000000000000000000000000000000000000000000000000000000000000000000                          1600000000                                                                  000184
1021903727600017200000260206200016896                         00000000200432664969000000000000000000000000061013092126/200432600000000200432664969120721000000000193523700000  000000000000000000000000000000000000000000000000000000000000000000000000000000000000000000000000000000000000000000000                          1600000000                                                                  000185
1021903727600017200000260206200016896                         00000000200550727428000000000000000000000000061013092126/200550700000000200550727428120721000000000319923700000  000000000000000000000000000000000000000000000000000000000000000000000000000000000000000000000000000000000000000000000                          1600000000                                                                  000186
1021903727600017200000260206200016896                         00000000200758758092000000000000000000000000061013092126/200758700000000200758758092120721000000000193523700000  000000000000000000000000000000000000000000000000000000000000000000000000000000000000000000000000000000000000000000000                          1600000000                                                                  000187
1021903727600017200000260206200016896                         0000000040020228290P000000000000000000000000061013092126/40020220000000040020228290P120721000000002400023700000  000000000000000000000000000000000000000000000000000000000000000000000000000000000000000000000000000000000000000000000                          1600000000                                                                  000188
1021903727600017200000260206200016896                         00000000400271023355000000000000000000000000061013092126/400271000000000400271023355120721000000001000023700000  000000000000000000000000000000000000000000000000000000000000000000000000000000000000000000000000000000000000000000000                          1600000000                                                                  000189
1021903727600017200000260206200016896                         00000000400271469736000000000000000000000000061013092126/400271400000000400271469736130721000000012000023700000  000000000000000000000000000000000000000000000000000000000000000000000000000000000000000000000000000000000000000000000                          1600000000                                                                  000190
1021903727600017200000260206200016896                         00000000400381445557000000000000000000000000061013092126/400381400000000400381445557130721000000001000023700000  000000000000000000000000000000000000000000000000000000000000000000000000000000000000000000000000000000000000000000000                          1600000000                                                                  000191
1021903727600017200000260206200016896                         00000000600295750265000000000000000000000000061013092126/600295700000000600295750265120721000000000219923700000  000000000000000000000000000000000000000000000000000000000000000000000000000000000000000000000000000000000000000000000                          1600000000                                                                  000192
1021903727600017200000260206200016896                         00000000600339143167000000000000000000000000061013092126/600339100000000600339143167130721000000000269923700000  000000000000000000000000000000000000000000000000000000000000000000000000000000000000000000000000000000000000000000000                          1600000000                                                                  000193
1021903727600017200000260206200016896                         00000000600591950342000000000000000000000000061013092126/600591900000000600591950342130721000000000069923700000  000000000000000000000000000000000000000000000000000000000000000000000000000000000000000000000000000000000000000000000                          1600000000                                                                  000194
1021903727600017200000260206200016896                         00000000600802674908000000000000000000000000061013092126/600802600000000600802674908130721000000000119923700000  000000000000000000000000000000000000000000000000000000000000000000000000000000000000000000000000000000000000000000000                          1600000000                                                                  000195
9201237          000007560000001804529400000765          00097000004441434000003639970000850000036399700001200000017836400000000000000000000000000000000000000000000000000000000000000000000                                                                                                                                                                              00000000000000000000000         000196
