02RETORNO01COBRANCA       00000000000005034448E-PREPAG ADMINISTRADORA DE CAR237BRADESCO       1312210160000000827                                                                                                                                                                                                                                                                          141221         000001
1021903727600017200000260206200016896                         00000000100032171446000000000000000000000000060213122126/100032100000000100032171446141221000000000215623704144  000000000000000000000000000000000000000000000000000000000000000000000000000000000000000000000000000000000000000000000                          7600000000                                                                  000002
1021903727600017200000260206200016896                         00000000100032173910000000000000000000000000060213122126/100032100000000100032173910141221000000000700023704151  000000000008200000000000000000000000000000000000000000000000000000000000000000000000000000000000000000000000000000000                          0000000000                                                                  000003
1021903727600017200000260206200016896                         00000000100032174704000000000000000000000000060213122126/100032100000000100032174704141221000000002022123704400  000000000008200000000000000000000000000000000000000000000000000000000000000000000000000000000000000000000000000000000                          0000000000                                                                  000004
1021903727600017200000260206200016896                         0000000010003217917P000000000000000000000000060213122126/10003210000000010003217917P141221000000000227523704151  000000000008200000000000000000000000000000000000000000000000000000000000000000000000000000000000000000000000000000000                          0000000000                                                                  000005
1021903727600017200000260206200016896                         00000000100032231201000000000000000000000000060213122126/100032200000000100032231201141221000000039988123704602  000000000008200000000000000000000000000000000000000000000000000000000000000000000000000000000000000000000000000000000                          0000000000                                                                  000006
1021903727600017200000260206200016896                         00000000100032233425000000000000000000000000060213122126/100032200000000100032233425141221000000000558023704436  000000000008200000000000000000000000000000000000000000000000000000000000000000000000000000000000000000000000000000000                          0000000000                                                                  000007
1021903727600017200000260206200016896                         0000000020004007666P000000000000000000000000060213122126/20004000000000020004007666P161221000000000109923704422  000000000008200000000000000000000000000000000000000000000000000000000000000000000000000000000000000000000000000000000                          0000000000                                                                  000008
1021903727600017200000260206200016896                         00000000200084607859000000000000000000000000060213122126/200084600000000200084607859151221000000001010623704426  000000000008200000000000000000000000000000000000000000000000000000000000000000000000000000000000000000000000000000000                          0000000000                                                                  000009
1021903727600017200000260206200016896                         00000000200147359028000000000000000000000000060213122126/200147300000000200147359028151221000000001360023704452  000000000008200000000000000000000000000000000000000000000000000000000000000000000000000000000000000000000000000000000                          0000000000                                                                  000010
1021903727600017200000260206200016896                         00000000200204562730000000000000000000000000060213122126/200204500000000200204562730161221000000000457723702062  000000000008200000000000000000000000000000000000000000000000000000000000000000000000000000000000000000000000000000000                          7600000000                                                                  000011
1021903727600017200000260206200016896                         00000000200254597233000000000000000000000000060213122126/200254500000000200254597233141221000000001010323704154  000000000008200000000000000000000000000000000000000000000000000000000000000000000000000000000000000000000000000000000                          0000000000                                                                  000012
1021903727600017200000260206200016896                         00000000200318864575000000000000000000000000060213122126/200318800000000200318864575161221000000000800023704152  000000000000000000000000000000000000000000000000000000000000000000000000000000000000000000000000000000000000000000000                          7600000000                                                                  000013
1021903727600017200000260206200016896                         00000000200416700017000000000000000000000000060213122126/200416700000000200416700017161221000000000547323704274  000000000008200000000000000000000000000000000000000000000000000000000000000000000000000000000000000000000000000000000                          0000000000                                                                  000014
1021903727600017200000260206200016896                         00000000200444915983000000000000000000000000060213122126/200444900000000200444915983161221000000000457723702062  000000000008200000000000000000000000000000000000000000000000000000000000000000000000000000000000000000000000000000000                          7600000000                                                                  000015
1021903727600017200000260206200016896                         00000000200554992258000000000000000000000000060213122126/200554900000000200554992258161221000000001122023703109  000000000008200000000000000000000000000000000000000000000000000000000000000000000000000000000000000000000000000000000                          0000000000                                                                  000016
1021903727600017200000260206200016896                         00000000200648519386000000000000000000000000060213122126/200648500000000200648519386161221000000000368523704152  000000000008200000000000000000000000000000000000000000000000000000000000000000000000000000000000000000000000000000000                          7600000000                                                                  000017
1021903727600017200000260206200016896                         00000000200732851515000000000000000000000000060213122126/200732800000000200732851515161221000000000139923704422  000000000008200000000000000000000000000000000000000000000000000000000000000000000000000000000000000000000000000000000                          0000000000                                                                  000018
1021903727600017200000260206200016896                         00000000200743746241000000000000000000000000060213122126/200743700000000200743746241151221000000000328723704154  000000000008200000000000000000000000000000000000000000000000000000000000000000000000000000000000000000000000000000000                          0000000000                                                                  000019
1021903727600017200000260206200016896                         00000000200756786293000000000000000000000000060213122126/200756700000000200756786293151221000000000328723704274  000000000008200000000000000000000000000000000000000000000000000000000000000000000000000000000000000000000000000000000                          0000000000                                                                  000020
1021903727600017200000260206200016896                         00000000400037043903000000000000000000000000060213122126/400037000000000400037043903161221000000002790023704158  000000000008200000000000000000000000000000000000000000000000000000000000000000000000000000000000000000000000000000000                          0000000000                                                                  000021
1021903727600017200000260206200016896                         00000000400093722120000000000000000000000000060213122126/400093700000000400093722120161221000000000800023704602  000000000008200000000000000000000000000000000000000000000000000000000000000000000000000000000000000000000000000000000                          7600000000                                                                  000022
1021903727600017200000260206200016896                         00000000400110842232000000000000000000000000060213122126/400110800000000400110842232161221000000005000023704159  000000000008200000000000000000000000000000000000000000000000000000000000000000000000000000000000000000000000000000000                          0000000000                                                                  000023
1021903727600017200000260206200016896                         00000000400112955743000000000000000000000000060213122126/400112900000000400112955743141221000000000800023704422  000000000008200000000000000000000000000000000000000000000000000000000000000000000000000000000000000000000000000000000                          0000000000                                                                  000024
1021903727600017200000260206200016896                         00000000400167110769000000000000000000000000060213122126/400167100000000400167110769161221000000009000023704157  000000000008200000000000000000000000000000000000000000000000000000000000000000000000000000000000000000000000000000000                          0000000000                                                                  000025
1021903727600017200000260206200016896                         00000000400211522565000000000000000000000000060213122126/400211500000000400211522565151221000000150000023704428  000000000008200000000000000000000000000000000000000000000000000000000000000000000000000000000000000000000000000000000                          7600000000                                                                  000026
1021903727600017200000260206200016896                         00000000400245323928000000000000000000000000060213122126/400245300000000400245323928161221000000001500023704151  000000000008200000000000000000000000000000000000000000000000000000000000000000000000000000000000000000000000000000000                          0000000000                                                                  000027
1021903727600017200000260206200016896                         00000000400256006622000000000000000000000000060213122126/400256000000000400256006622161221000000099000023704151  000000000008200000000000000000000000000000000000000000000000000000000000000000000000000000000000000000000000000000000                          7600000000                                                                  000028
1021903727600017200000260206200016896                         00000000400266747477000000000000000000000000060213122126/400266700000000400266747477161221000000002900023704143  000000000008200000000000000000000000000000000000000000000000000000000000000000000000000000000000000000000000000000000                          7600000000                                                                  000029
1021903727600017200000260206200016896                         00000000400290218507000000000000000000000000060213122126/400290200000000400290218507161221000000002200023704426  000000000008200000000000000000000000000000000000000000000000000000000000000000000000000000000000000000000000000000000                          0000000000                                                                  000030
1021903727600017200000260206200016896                         00000000400319385793000000000000000000000000060213122126/400319300000000400319385793161221000000000800023700140  000000000008200000000000000000000000000000000000000000000000000000000000000000000000000000000000000000000000000000000                          0000000000                                                                  000031
1021903727600017200000260206200016896                         00000000400333167197000000000000000000000000060213122126/400333100000000400333167197161221000000001500023704143  000000000008200000000000000000000000000000000000000000000000000000000000000000000000000000000000000000000000000000000                          0000000000                                                                  000032
1021903727600017200000260206200016896                         0000000040034520912P000000000000000000000000060213122126/40034520000000040034520912P161221000000000800023704602  000000000008200000000000000000000000000000000000000000000000000000000000000000000000000000000000000000000000000000000                          7600000000                                                                  000033
1021903727600017200000260206200016896                         00000000400345332452000000000000000000000000060213122126/400345300000000400345332452161221000000005000023704159  000000000000000000000000000000000000000000000000000000000000000000000000000000000000000000000000000000000000000000000                          0000000000                                                                  000034
1021903727600017200000260206200016896                         00000000400351786007000000000000000000000000060213122126/400351700000000400351786007161221000000000800023704159  000000000008200000000000000000000000000000000000000000000000000000000000000000000000000000000000000000000000000000000                          0000000000                                                                  000035
1021903727600017200000260206200016896                         00000000400365046812000000000000000000000000060213122126/400365000000000400365046812161221000000003000023704143  000000000008200000000000000000000000000000000000000000000000000000000000000000000000000000000000000000000000000000000                          0000000000                                                                  000036
1021903727600017200000260206200016896                         00000000400391705247000000000000000000000000060213122126/400391700000000400391705247161221000000005000023704452  000000000008200000000000000000000000000000000000000000000000000000000000000000000000000000000000000000000000000000000                          0000000000                                                                  000037
1021903727600017200000260206200016896                         0000000040039465905P000000000000000000000000060213122126/40039460000000040039465905P161221000000005000023702062  000000000008200000000000000000000000000000000000000000000000000000000000000000000000000000000000000000000000000000000                          0000000000                                                                  000038
1021903727600017200000260206200016896                         00000000400412734455000000000000000000000000060213122126/400412700000000400412734455141221000000004500023704152  000000000008200000000000000000000000000000000000000000000000000000000000000000000000000000000000000000000000000000000                          0000000000                                                                  000039
1021903727600017200000260206200016896                         00000000400416542119000000000000000000000000060213122126/400416500000000400416542119141221000000012000023704154  000000000008200000000000000000000000000000000000000000000000000000000000000000000000000000000000000000000000000000000                          0000000000                                                                  000040
1021903727600017200000260206200016896                         00000000400431228196000000000000000000000000060213122126/400431200000000400431228196161221000000004000023704143  000000000008200000000000000000000000000000000000000000000000000000000000000000000000000000000000000000000000000000000                          0000000000                                                                  000041
1021903727600017200000260206200016896                         00000000400453120208000000000000000000000000060213122126/400453100000000400453120208161221000000010000023704452  000000000008200000000000000000000000000000000000000000000000000000000000000000000000000000000000000000000000000000000                          0000000000                                                                  000042
1021903727600017200000260206200016896                         0000000040045696895P000000000000000000000000060213122126/40045690000000040045696895P141221000000000800023704422  000000000008200000000000000000000000000000000000000000000000000000000000000000000000000000000000000000000000000000000                          0000000000                                                                  000043
1021903727600017200000260206200016896                         00000000400473284517000000000000000000000000060213122126/400473200000000400473284517161221000000004100023703162  000000000008200000000000000000000000000000000000000000000000000000000000000000000000000000000000000000000000000000000                          0000000000                                                                  000044
1021903727600017200000260206200016896                         00000000400474992868000000000000000000000000060213122126/400474900000000400474992868161221000000002000023704151  000000000008200000000000000000000000000000000000000000000000000000000000000000000000000000000000000000000000000000000                          0000000000                                                                  000045
1021903727600017200000260206200016896                         00000000400482122473000000000000000000000000060213122126/400482100000000400482122473161221000000000800023704159  000000000008200000000000000000000000000000000000000000000000000000000000000000000000000000000000000000000000000000000                          0000000000                                                                  000046
1021903727600017200000260206200016896                         00000000400506899784000000000000000000000000060213122126/400506800000000400506899784161221000000009500023704157  000000000008200000000000000000000000000000000000000000000000000000000000000000000000000000000000000000000000000000000                          0000000000                                                                  000047
1021903727600017200000260206200016896                         00000000400511500709000000000000000000000000060213122126/400511500000000400511500709161221000000000800023704159  000000000008200000000000000000000000000000000000000000000000000000000000000000000000000000000000000000000000000000000                          0000000000                                                                  000048
1021903727600017200000260206200016896                         00000000400518239429000000000000000000000000060213122126/400518200000000400518239429161221000000003000023702062  000000000008200000000000000000000000000000000000000000000000000000000000000000000000000000000000000000000000000000000                          0000000000                                                                  000049
1021903727600017200000260206200016896                         00000000400535507607000000000000000000000000060213122126/400535500000000400535507607151221000000006000023700153  000000000008200000000000000000000000000000000000000000000000000000000000000000000000000000000000000000000000000000000                          0000000000                                                                  000050
1021903727600017200000260206200016896                         00000000400576175961000000000000000000000000060213122126/400576100000000400576175961161221000000005000023704154  000000000008200000000000000000000000000000000000000000000000000000000000000000000000000000000000000000000000000000000                          0000000000                                                                  000051
1021903727600017200000260206200016896                         0000000040057658960P000000000000000000000000060213122126/40057650000000040057658960P161221000000000800023704159  000000000008200000000000000000000000000000000000000000000000000000000000000000000000000000000000000000000000000000000                          0000000000                                                                  000052
1021903727600017200000260206200016896                         00000000400585194340000000000000000000000000060213122126/400585100000000400585194340161221000000000800023704159  000000000008200000000000000000000000000000000000000000000000000000000000000000000000000000000000000000000000000000000                          0000000000                                                                  000053
1021903727600017200000260206200016896                         00000000400591799823000000000000000000000000060213122126/400591700000000400591799823161221000000000820023704602  000000000008200000000000000000000000000000000000000000000000000000000000000000000000000000000000000000000000000000000                          7600000000                                                                  000054
1021903727600017200000260206200016896                         00000000400614043772000000000000000000000000060213122126/400614000000000400614043772161221000000007500023703109  000000000008200000000000000000000000000000000000000000000000000000000000000000000000000000000000000000000000000000000                          0000000000                                                                  000055
1021903727600017200000260206200016896                         00000000400641639431000000000000000000000000060213122126/400641600000000400641639431141221000000000800023704422  000000000008200000000000000000000000000000000000000000000000000000000000000000000000000000000000000000000000000000000                          0000000000                                                                  000056
1021903727600017200000260206200016896                         00000000400642290521000000000000000000000000060213122126/400642200000000400642290521161221000000000810023704602  000000000008200000000000000000000000000000000000000000000000000000000000000000000000000000000000000000000000000000000                          7600000000                                                                  000057
1021903727600017200000260206200016896                         00000000400654305044000000000000000000000000060213122126/400654300000000400654305044161221000000004400023704159  000000000008200000000000000000000000000000000000000000000000000000000000000000000000000000000000000000000000000000000                          0000000000                                                                  000058
1021903727600017200000260206200016896                         00000000400669636543000000000000000000000000060213122126/400669600000000400669636543151221000000002000023704144  000000000008200000000000000000000000000000000000000000000000000000000000000000000000000000000000000000000000000000000                          0000000000                                                                  000059
1021903727600017200000260206200016896                         00000000400680419392000000000000000000000000060213122126/400680400000000400680419392161221000000000800023704159  000000000008200000000000000000000000000000000000000000000000000000000000000000000000000000000000000000000000000000000                          0000000000                                                                  000060
1021903727600017200000260206200016896                         00000000400720052438000000000000000000000000060213122126/400720000000000400720052438161221000000000800023704159  000000000008200000000000000000000000000000000000000000000000000000000000000000000000000000000000000000000000000000000                          0000000000                                                                  000061
1021903727600017200000260206200016896                         00000000400743746984000000000000000000000000060213122126/400743700000000400743746984161221000000001670023700153  000000000008200000000000000000000000000000000000000000000000000000000000000000000000000000000000000000000000000000000                          0000000000                                                                  000062
1021903727600017200000260206200016896                         0000000040075960540P000000000000000000000000060213122126/40075960000000040075960540P161221000000006000023702062  000000000008200000000000000000000000000000000000000000000000000000000000000000000000000000000000000000000000000000000                          0000000000                                                                  000063
1021903727600017200000260206200016896                         0000000040076487477P000000000000000000000000060213122126/40076480000000040076487477P141221000000000800023704422  000000000008200000000000000000000000000000000000000000000000000000000000000000000000000000000000000000000000000000000                          0000000000                                                                  000064
1021903727600017200000260206200016896                         00000000400784281783000000000000000000000000060213122126/400784200000000400784281783161221000000000800023704159  000000000008200000000000000000000000000000000000000000000000000000000000000000000000000000000000000000000000000000000                          0000000000                                                                  000065
1021903727600017200000260206200016896                         00000000400784874415000000000000000000000000060213122126/400784800000000400784874415161221000000017380023702062  000000000008200000000000000000000000000000000000000000000000000000000000000000000000000000000000000000000000000000000                          0000000000                                                                  000066
1021903727600017200000260206200016896                         0000000040079645988P000000000000000000000000060213122126/40079640000000040079645988P161221000000000800023704159  000000000008200000000000000000000000000000000000000000000000000000000000000000000000000000000000000000000000000000000                          0000000000                                                                  000067
1021903727600017200000260206200016896                         00000000400810626530000000000000000000000000060213122126/400810600000000400810626530141221000000000800023704422  000000000008200000000000000000000000000000000000000000000000000000000000000000000000000000000000000000000000000000000                          0000000000                                                                  000068
1021903727600017200000260206200016896                         00000000400812275093000000000000000000000000060213122126/400812200000000400812275093161221000000005000023704426  000000000008200000000000000000000000000000000000000000000000000000000000000000000000000000000000000000000000000000000                          7600000000                                                                  000069
1021903727600017200000260206200016896                         00000000400813926403000000000000000000000000060213122126/400813900000000400813926403151221000000001200023703162  000000000008200000000000000000000000000000000000000000000000000000000000000000000000000000000000000000000000000000000                          0000000000                                                                  000070
1021903727600017200000260206200016896                         00000000400819878486000000000000000000000000060213122126/400819800000000400819878486161221000000003500023703162  000000000008200000000000000000000000000000000000000000000000000000000000000000000000000000000000000000000000000000000                          0000000000                                                                  000071
1021903727600017200000260206200016896                         00000000400830040923000000000000000000000000060213122126/400830000000000400830040923161221000000001350023704452  000000000008200000000000000000000000000000000000000000000000000000000000000000000000000000000000000000000000000000000                          0000000000                                                                  000072
1021903727600017200000260206200016896                         00000000400834486489000000000000000000000000060213122126/400834400000000400834486489141221000000000800023704422  000000000008200000000000000000000000000000000000000000000000000000000000000000000000000000000000000000000000000000000                          0000000000                                                                  000073
1021903727600017200000260206200016896                         00000000400845326327000000000000000000000000060213122126/400845300000000400845326327161221000000000800023704159  000000000008200000000000000000000000000000000000000000000000000000000000000000000000000000000000000000000000000000000                          0000000000                                                                  000074
1021903727600017200000260206200016896                         00000000400852242147000000000000000000000000060213122126/400852200000000400852242147141221000000000800023700427  000000000008200000000000000000000000000000000000000000000000000000000000000000000000000000000000000000000000000000000                          0000000000                                                                  000075
1021903727600017200000260206200016896                         00000000400880552550000000000000000000000000060213122126/400880500000000400880552550141221000000000800023704422  000000000008200000000000000000000000000000000000000000000000000000000000000000000000000000000000000000000000000000000                          0000000000                                                                  000076
1021903727600017200000260206200016896                         00000000400883321770000000000000000000000000060213122126/400883300000000400883321770161221000000000800023704159  000000000008200000000000000000000000000000000000000000000000000000000000000000000000000000000000000000000000000000000                          0000000000                                                                  000077
1021903727600017200000260206200016896                         00000000400898567261000000000000000000000000060213122126/400898500000000400898567261161221000000000800023704159  000000000008200000000000000000000000000000000000000000000000000000000000000000000000000000000000000000000000000000000                          0000000000                                                                  000078
1021903727600017200000260206200016896                         00000000400901622945000000000000000000000000060213122126/400901600000000400901622945161221000000003000023700435  000000000008200000000000000000000000000000000000000000000000000000000000000000000000000000000000000000000000000000000                          0000000000                                                                  000079
1021903727600017200000260206200016896                         00000000400916735347000000000000000000000000060213122126/400916700000000400916735347161221000000000800023704159  000000000008200000000000000000000000000000000000000000000000000000000000000000000000000000000000000000000000000000000                          0000000000                                                                  000080
1021903727600017200000260206200016896                         00000000400921794904000000000000000000000000060213122126/400921700000000400921794904161221000000009170023704154  000000000008200000000000000000000000000000000000000000000000000000000000000000000000000000000000000000000000000000000                          0000000000                                                                  000081
1021903727600017200000260206200016896                         00000000400923910472000000000000000000000000060213122126/400923900000000400923910472161221000000000800023704159  000000000008200000000000000000000000000000000000000000000000000000000000000000000000000000000000000000000000000000000                          0000000000                                                                  000082
1021903727600017200000260206200016896                         00000000400926425133000000000000000000000000060213122126/400926400000000400926425133141221000000000800023704422  000000000008200000000000000000000000000000000000000000000000000000000000000000000000000000000000000000000000000000000                          0000000000                                                                  000083
1021903727600017200000260206200016896                         00000000400942824749000000000000000000000000060213122126/400942800000000400942824749141221000000005000023704151  000000000008200000000000000000000000000000000000000000000000000000000000000000000000000000000000000000000000000000000                          0000000000                                                                  000084
1021903727600017200000260206200016896                         0000000040094599095P000000000000000000000000060213122126/40094590000000040094599095P161221000000000800023704159  000000000008200000000000000000000000000000000000000000000000000000000000000000000000000000000000000000000000000000000                          0000000000                                                                  000085
1021903727600017200000260206200016896                         00000000400958915116000000000000000000000000060213122126/400958900000000400958915116161221000000002400023704158  000000000008200000000000000000000000000000000000000000000000000000000000000000000000000000000000000000000000000000000                          0000000000                                                                  000086
1021903727600017200000260206200016896                         00000000400963009123000000000000000000000000060213122126/400963000000000400963009123161221000000005120023704426  000000000008200000000000000000000000000000000000000000000000000000000000000000000000000000000000000000000000000000000                          0000000000                                                                  000087
1021903727600017200000260206200016896                         00000000400969299026000000000000000000000000060213122126/400969200000000400969299026141221000000000800023704422  000000000008200000000000000000000000000000000000000000000000000000000000000000000000000000000000000000000000000000000                          0000000000                                                                  000088
1021903727600017200000260206200016896                         00000000400980020327000000000000000000000000060213122126/400980000000000400980020327161221000000001300023704422  000000000008200000000000000000000000000000000000000000000000000000000000000000000000000000000000000000000000000000000                          0000000000                                                                  000089
1021903727600017200000260206200016896                         00000000400999389976000000000000000000000000060213122126/400999300000000400999389976141221000000000800023704422  000000000008200000000000000000000000000000000000000000000000000000000000000000000000000000000000000000000000000000000                          0000000000                                                                  000090
1021903727600017200000260206200016896                         00000000600286620510000000000000000000000000060213122126/600286600000000600286620510161221000000000500023704436  000000000008200000000000000000000000000000000000000000000000000000000000000000000000000000000000000000000000000000000                          0000000000                                                                  000091
1021903727600017200000260206200016896                         00000000600425383340000000000000000000000000060213122126/600425300000000600425383340161221000000000750023704143  000000000008200000000000000000000000000000000000000000000000000000000000000000000000000000000000000000000000000000000                          0000000000                                                                  000092
1021903727600017200000260206200016896                         00000000600912734760000000000000000000000000060213122126/600912700000000600912734760151221000000000500023704274  000000000008200000000000000000000000000000000000000000000000000000000000000000000000000000000000000000000000000000000                          0000000000                                                                  000093
1021903727600017200000260206200016896                         00000000600951549288000000000000000000000000060213122126/600951500000000600951549288151221000000000500023704274  000000000008200000000000000000000000000000000000000000000000000000000000000000000000000000000000000000000000000000000                          0000000000                                                                  000094
1021903727600017200000260206200016896                         00000000100032173910000000000000000000000000060613122126/100032100000000100032173910141221000000000700000103567  000000000000000000000000000000000000000000000000000000000000000000000000000000000000000700000000000000000000000000000   141221             00000000000000                                                                  000095
1021903727600017200000260206200016896                         00000000100032174704000000000000000000000000060613122126/100032100000000100032174704141221000000002022134108570  000000000000000000000000000000000000000000000000000000000000000000000000000000000000002022100000000000000000000000000   141221             00000000000000                                                                  000096
1021903727600017200000260206200016896                         00000000100032231201000000000000000000000000060613122126/100032200000000100032231201141221000000039988110403653  000000000000000000000000000000000000000000000000000000000000000000000000000000000000039988100000000000000000000000000   141221             00000000000000                                                                  000097
1021903727600017200000260206200016896                         00000000100032233425000000000000000000000000060613122126/100032200000000100032233425141221000000000558063300001  000000000000000000000000000000000000000000000000000000000000000000000000000000000000000558000000000000000000000000000   141221             00000000000000                                                                  000098
1021903727600017200000260206200016896                         0000000020004007666P000000000000000000000000060613122126/20004000000000020004007666P161221000000000109963300001  000000000000000000000000000000000000000000000000000000000000000000000000000000000000000109900000000000000000000000000   141221             00000000000000                                                                  000099
1021903727600017200000260206200016896                         00000000200084607859000000000000000000000000060613122126/200084600000000200084607859151221000000001010610400434  000000000000000000000000000000000000000000000000000000000000000000000000000000000000001010600000000000000000000000000   141221             00000000000000                                                                  000100
1021903727600017200000260206200016896                         00000000200147359028000000000000000000000000060613122126/200147300000000200147359028151221000000001360008100001  000000000000000000000000000000000000000000000000000000000000000000000000000000000000001360000000000000000000000000000   141221             00000000000000                                                                  000101
1021903727600017200000260206200016896                         00000000200254597233000000000000000000000000060613122126/200254500000000200254597233141221000000001010302100117  000000000000000000000000000000000000000000000000000000000000000000000000000000000000001010300000000000000000000000000   141221             00000000000000                                                                  000102
1021903727600017200000260206200016896                         00000000200318864575000000000000000000000000060613122126/200318800000000200318864575161221000000000800034108228  000000000000000000000000000000000000000000000000000000000000000000000000000000000000000800000000000000000000000000000   141221             00000000000000                                                                  000103
1021903727600017200000260206200016896                         00000000200416700017000000000000000000000000060613122126/200416700000000200416700017161221000000000547323701927  000000000000000000000000000000000000000000000000000000000000000000000000000000000000000547300000000000000000000000000   141221             00000000000000                                                                  000104
1021903727600017200000260206200016896                         00000000200743845320000000000000000000000000060613122126/200743800000000200743845320131221000000000669000101590  000000000000000000000000000000000000000000000000000000000000000000000000000000000000000669000000000000000000000000000   141221             00000000000000                                                                  000105
1021903727600017200000260206200016896                         00000000400037043903000000000000000000000000060613122126/400037000000000400037043903161221000000002790010400422  000000000000000000000000000000000000000000000000000000000000000000000000000000000000002790000000000000000000000000000   141221             00000000000000                                                                  000106
1021903727600017200000260206200016896                         00000000400110842232000000000000000000000000060613122126/400110800000000400110842232161221000000005000000100922  000000000000000000000000000000000000000000000000000000000000000000000000000000000000005000000000000000000000000000000   141221             00000000000000                                                                  000107
1021903727600017200000260206200016896                         00000000400112955743000000000000000000000000060613122126/400112900000000400112955743141221000000000800065500001  000000000000000000000000000000000000000000000000000000000000000000000000000000000000000800000000000000000000000000000   141221             00000000000000                                                                  000108
1021903727600017200000260206200016896                         00000000400167110769000000000000000000000000060613122126/400167100000000400167110769161221000000009000023703929  000000000000000000000000000000000000000000000000000000000000000000000000000000000000009000000000000000000000000000000   141221             00000000000000                                                                  000109
1021903727600017200000260206200016896                         00000000400211522565000000000000000000000000060613122126/400211500000000400211522565151221000000150000000103478  000000000000000000000000000000000000000000000000000000000000000000000000000000000000150000000000000000000000000000000   141221             00000000000000                                                                  000110
1021903727600017200000260206200016896                         00000000400245323928000000000000000000000000060613122126/400245300000000400245323928161221000000001500065500001  000000000000000000000000000000000000000000000000000000000000000000000000000000000000001500000000000000000000000000000   141221             00000000000000                                                                  000111
1021903727600017200000260206200016896                         00000000400256006622000000000000000000000000060613122126/400256000000000400256006622161221000000099000033600001  000000000000000000000000000000000000000000000000000000000000000000000000000000000000099000000000000000000000000000000   141221             00000000000000                                                                  000112
1021903727600017200000260206200016896                         00000000400266747477000000000000000000000000060613122126/400266700000000400266747477161221000000002900023702151  000000000000000000000000000000000000000000000000000000000000000000000000000000000000002900000000000000000000000000000   141221             00000000000000                                                                  000113
1021903727600017200000260206200016896                         00000000400290218507000000000000000000000000060613122126/400290200000000400290218507161221000000002200010403711  000000000000000000000000000000000000000000000000000000000000000000000000000000000000002200000000000000000000000000000   141221             00000000000000                                                                  000114
1021903727600017200000260206200016896                         00000000400319385793000000000000000000000000060613122126/400319300000000400319385793161221000000000800010403189  000000000000000000000000000000000000000000000000000000000000000000000000000000000000000800000000000000000000000000000   141221             00000000000000                                                                  000115
1021903727600017200000260206200016896                         00000000400333167197000000000000000000000000060613122126/400333100000000400333167197161221000000001500008501071  000000000000000000000000000000000000000000000000000000000000000000000000000000000000001500000000000000000000000000000   141221             00000000000000                                                                  000116
1021903727600017200000260206200016896                         00000000400365046812000000000000000000000000060613122126/400365000000000400365046812161221000000003000075600162  000000000000000000000000000000000000000000000000000000000000000000000000000000000000003000000000000000000000000000000   141221             00000000000000                                                                  000117
1021903727600017200000260206200016896                         00000000400391705247000000000000000000000000060613122126/400391700000000400391705247161221000000005000065500001  000000000000000000000000000000000000000000000000000000000000000000000000000000000000005000000000000000000000000000000   141221             00000000000000                                                                  000118
1021903727600017200000260206200016896                         00000000400431228196000000000000000000000000060613122126/400431200000000400431228196161221000000004000010403646  000000000000000000000000000000000000000000000000000000000000000000000000000000000000004000000000000000000000000000000   141221             00000000000000                                                                  000119
1021903727600017200000260206200016896                         00000000400453120208000000000000000000000000060613122126/400453100000000400453120208161221000000010000065500001  000000000000000000000000000000000000000000000000000000000000000000000000000000000000010000000000000000000000000000000   141221             00000000000000                                                                  000120
1021903727600017200000260206200016896                         0000000040045696895P000000000000000000000000060613122126/40045690000000040045696895P141221000000000800065500001  000000000000000000000000000000000000000000000000000000000000000000000000000000000000000800000000000000000000000000000   141221             00000000000000                                                                  000121
1021903727600017200000260206200016896                         00000000400473284517000000000000000000000000060613122126/400473200000000400473284517161221000000004100021200001  000000000000000000000000000000000000000000000000000000000000000000000000000000000000004100000000000000000000000000000   141221             00000000000000                                                                  000122
1021903727600017200000260206200016896                         00000000400474992868000000000000000000000000060613122126/400474900000000400474992868161221000000002000010400280  000000000000000000000000000000000000000000000000000000000000000000000000000000000000002000000000000000000000000000000   141221             00000000000000                                                                  000123
1021903727600017200000260206200016896                         00000000400506899784000000000000000000000000060613122126/400506800000000400506899784161221000000009500007700001  000000000000000000000000000000000000000000000000000000000000000000000000000000000000009500000000000000000000000000000   141221             00000000000000                                                                  000124
1021903727600017200000260206200016896                         00000000400535507607000000000000000000000000060613122126/400535500000000400535507607151221000000006000003304635  000000000000000000000000000000000000000000000000000000000000000000000000000000000000006000000000000000000000000000000   141221             00000000000000                                                                  000125
1021903727600017200000260206200016896                         00000000400591799823000000000000000000000000060613122126/400591700000000400591799823161221000000000820075600259  000000000000000000000000000000000000000000000000000000000000000000000000000000000000000820000000000000000000000000000   141221             00000000000000                                                                  000126
1021903727600017200000260206200016896                         00000000400614043772000000000000000000000000060613122126/400614000000000400614043772161221000000007500023702831  000000000000000000000000000000000000000000000000000000000000000000000000000000000000007500000000000000000000000000000   141221             00000000000000                                                                  000127
1021903727600017200000260206200016896                         00000000400641639431000000000000000000000000060613122126/400641600000000400641639431141221000000000800065500001  000000000000000000000000000000000000000000000000000000000000000000000000000000000000000800000000000000000000000000000   141221             00000000000000                                                                  000128
1021903727600017200000260206200016896                         00000000400654305044000000000000000000000000060613122126/400654300000000400654305044161221000000004400000101112  000000000000000000000000000000000000000000000000000000000000000000000000000000000000004400000000000000000000000000000   141221             00000000000000                                                                  000129
1021903727600017200000260206200016896                         00000000400743746984000000000000000000000000060613122126/400743700000000400743746984161221000000001670000102265  000000000000000000000000000000000000000000000000000000000000000000000000000000000000001670000000000000000000000000000   141221             00000000000000                                                                  000130
1021903727600017200000260206200016896                         0000000040076487477P000000000000000000000000060613122126/40076480000000040076487477P141221000000000800065500001  000000000000000000000000000000000000000000000000000000000000000000000000000000000000000800000000000000000000000000000   141221             00000000000000                                                                  000131
1021903727600017200000260206200016896                         00000000400784874415000000000000000000000000060613122126/400784800000000400784874415161221000000017380010402257  000000000000000000000000000000000000000000000000000000000000000000000000000000000000017380000000000000000000000000000   141221             00000000000000                                                                  000132
1021903727600017200000260206200016896                         00000000400810626530000000000000000000000000060613122126/400810600000000400810626530141221000000000800065500001  000000000000000000000000000000000000000000000000000000000000000000000000000000000000000800000000000000000000000000000   141221             00000000000000                                                                  000133
1021903727600017200000260206200016896                         00000000400812275093000000000000000000000000060613122126/400812200000000400812275093161221000000005000075600528  000000000000000000000000000000000000000000000000000000000000000000000000000000000000005000000000000000000000000000000   141221             00000000000000                                                                  000134
1021903727600017200000260206200016896                         00000000400830040923000000000000000000000000060613122126/400830000000000400830040923161221000000001350000103474  000000000000000000000000000000000000000000000000000000000000000000000000000000000000001350000000000000000000000000000   141221             00000000000000                                                                  000135
1021903727600017200000260206200016896                         00000000400834486489000000000000000000000000060613122126/400834400000000400834486489141221000000000800065500001  000000000000000000000000000000000000000000000000000000000000000000000000000000000000000800000000000000000000000000000   141221             00000000000000                                                                  000136
1021903727600017200000260206200016896                         00000000400880552550000000000000000000000000060613122126/400880500000000400880552550141221000000000800065500001  000000000000000000000000000000000000000000000000000000000000000000000000000000000000000800000000000000000000000000000   141221             00000000000000                                                                  000137
1021903727600017200000260206200016896                         00000000400901622945000000000000000000000000060613122126/400901600000000400901622945161221000000003000010400041  000000000000000000000000000000000000000000000000000000000000000000000000000000000000003000000000000000000000000000000   141221             00000000000000                                                                  000138
1021903727600017200000260206200016896                         00000000400926425133000000000000000000000000060613122126/400926400000000400926425133141221000000000800065500001  000000000000000000000000000000000000000000000000000000000000000000000000000000000000000800000000000000000000000000000   141221             00000000000000                                                                  000139
1021903727600017200000260206200016896                         00000000400942824749000000000000000000000000060613122126/400942800000000400942824749141221000000005000010404354  000000000000000000000000000000000000000000000000000000000000000000000000000000000000005000000000000000000000000000000   141221             00000000000000                                                                  000140
1021903727600017200000260206200016896                         00000000400963009123000000000000000000000000060613122126/400963000000000400963009123161221000000005120004100377  000000000000000000000000000000000000000000000000000000000000000000000000000000000000005120000000000000000000000000000   141221             00000000000000                                                                  000141
1021903727600017200000260206200016896                         00000000400969299026000000000000000000000000060613122126/400969200000000400969299026141221000000000800065500001  000000000000000000000000000000000000000000000000000000000000000000000000000000000000000800000000000000000000000000000   141221             00000000000000                                                                  000142
1021903727600017200000260206200016896                         00000000400980020327000000000000000000000000060613122126/400980000000000400980020327161221000000001300010400069  000000000000000000000000000000000000000000000000000000000000000000000000000000000000001300000000000000000000000000000   141221             00000000000000                                                                  000143
1021903727600017200000260206200016896                         00000000400999389976000000000000000000000000060613122126/400999300000000400999389976141221000000000800065500001  000000000000000000000000000000000000000000000000000000000000000000000000000000000000000800000000000000000000000000000   141221             00000000000000                                                                  000144
1021903727600017200000260206200016896                         00000000600286620510000000000000000000000000060613122126/600286600000000600286620510161221000000000500000101092  000000000000000000000000000000000000000000000000000000000000000000000000000000000000000500000000000000000000000000000   141221             00000000000000                                                                  000145
1021903727600017200000260206200016896                         00000000100031587827000000000000000000000000061013122126/100031500000000100031587827121021000000010933923700000  000000000000000000000000000000000000000000000000000000000000000000000000000000000000000000000000000000000000000000000                          1600000000                                                                  000146
1021903727600017200000260206200016896                         00000000200103707339000000000000000000000000061013122126/200103700000000200103707339111021000000000350023700000  000000000000000000000000000000000000000000000000000000000000000000000000000000000000000000000000000000000000000000000                          1600000000                                                                  000147
1021903727600017200000260206200016896                         00000000200262826705000000000000000000000000061013122126/200262800000000200262826705131021000000001283423700000  000000000000000000000000000000000000000000000000000000000000000000000000000000000000000000000000000000000000000000000                          1600000000                                                                  000148
1021903727600017200000260206200016896                         00000000200311541703000000000000000000000000061013122126/200311500000000200311541703111021000000000990223700000  000000000000000000000000000000000000000000000000000000000000000000000000000000000000000000000000000000000000000000000                          1600000000                                                                  000149
1021903727600017200000260206200016896                         00000000200419304236000000000000000000000000061013122126/200419300000000200419304236131021000000000992023700000  000000000000000000000000000000000000000000000000000000000000000000000000000000000000000000000000000000000000000000000                          1600000000                                                                  000150
1021903727600017200000260206200016896                         00000000200477802351000000000000000000000000061013122126/200477800000000200477802351111021000000000201323700000  000000000000000000000000000000000000000000000000000000000000000000000000000000000000000000000000000000000000000000000                          1600000000                                                                  000151
1021903727600017200000260206200016896                         0000000020060182251P000000000000000000000000061013122126/20060180000000020060182251P121021000000000661323700000  000000000000000000000000000000000000000000000000000000000000000000000000000000000000000000000000000000000000000000000                          1600000000                                                                  000152
1021903727600017200000260206200016896                         00000000200761051781000000000000000000000000061013122126/200761000000000200761051781111021000000001171723700000  000000000000000000000000000000000000000000000000000000000000000000000000000000000000000000000000000000000000000000000                          1600000000                                                                  000153
1021903727600017200000260206200016896                         00000000400507782694000000000000000000000000061013122126/400507700000000400507782694111021000000000800023700000  000000000000000000000000000000000000000000000000000000000000000000000000000000000000000000000000000000000000000000000                          1600000000                                                                  000154
1021903727600017200000260206200016896                         00000000400665774887000000000000000000000000061013122126/400665700000000400665774887111021000000013500023700000  000000000000000000000000000000000000000000000000000000000000000000000000000000000000000000000000000000000000000000000                          1600000000                                                                  000155
1021903727600017200000260206200016896                         00000000400775766065000000000000000000000000061013122126/400775700000000400775766065111021000000001000023700000  000000000000000000000000000000000000000000000000000000000000000000000000000000000000000000000000000000000000000000000                          1600000000                                                                  000156
1021903727600017200000260206200016896                         00000000400927333747000000000000000000000000061013122126/400927300000000400927333747121021000000002800023700000  000000000000000000000000000000000000000000000000000000000000000000000000000000000000000000000000000000000000000000000                          1600000000                                                                  000157
1021903727600017200000260206200016896                         00000000600064888442000000000000000000000000061013122126/600064800000000600064888442121021000000000500023700000  000000000000000000000000000000000000000000000000000000000000000000000000000000000000000000000000000000000000000000000                          1600000000                                                                  000158
1021903727600017200000260206200016896                         00000000600699581467000000000000000000000000061013122126/600699500000000600699581467121021000000000269923700000  000000000000000000000000000000000000000000000000000000000000000000000000000000000000000000000000000000000000000000000                          1600000000                                                                  000159
9201237          000003810000000799521700000827          00093000005068126000004281053000510000042810530001400000035453700000000000000000000000000000000000000000000000000000000000000000000                                                                                                                                                                              00000000000000000000000         000160
