02RETORNO01COBRANCA       00000000000005034448E-PREPAG ADMINISTRADORA DE CAR237BRADESCO       1410220160000001038                                                                                                                                                                                                                                                                          171022         000001
1021903727600017200000260206200016896                         00000000200316212007000000000000000000000000060214102226/200316200000000200316212007171022000000000947423700405  000000000008200000000000000000000000000000000000000000000000000000000000000000000000000000000000000000000000000000000                          0000000000                                                                  000002
1021903727600017200000260206200016896                         00000000200967536838000000000000000000000000060214102226/200967500000000200967536838171022000000001360023704400  000000000008200000000000000000000000000000000000000000000000000000000000000000000000000000000000000000000000000000000                          0000000000                                                                  000003
1021903727600017200000260206200016896                         00000000200974695550000000000000000000000000060214102226/200974600000000200974695550171022000000000631623704400  000000000008200000000000000000000000000000000000000000000000000000000000000000000000000000000000000000000000000000000                          0000000000                                                                  000004
1021903727600017200000260206200016896                         00000000400292558585000000000000000000000000060214102226/400292500000000400292558585171022000000000800023704422  000000000008200000000000000000000000000000000000000000000000000000000000000000000000000000000000000000000000000000000                          0000000000                                                                  000005
1021903727600017200000260206200016896                         00000000400384561841000000000000000000000000060214102226/400384500000000400384561841171022000000004000023704154  000000000008200000000000000000000000000000000000000000000000000000000000000000000000000000000000000000000000000000000                          0000000000                                                                  000006
1021903727600017200000260206200016896                         00000000400511831969000000000000000000000000060214102226/400511800000000400511831969171022000000000800023704158  000000000008200000000000000000000000000000000000000000000000000000000000000000000000000000000000000000000000000000000                          0000000000                                                                  000007
1021903727600017200000260206200016896                         00000000400623919842000000000000000000000000060214102226/400623900000000400623919842171022000000150000023704428  000000000008200000000000000000000000000000000000000000000000000000000000000000000000000000000000000000000000000000000                          7600000000                                                                  000008
1021903727600017200000260206200016896                         00000000200316212007000000000000000000000000060614102226/200316200000000200316212007171022000000000947421200001  000000000000000000000000000000000000000000000000000000000000000000000000000000000000000947400000000000000000000000000   171022             00000000000000                                                                  000009
1021903727600017200000260206200016896                         00000000200974695550000000000000000000000000060614102226/200974600000000200974695550171022000000000631610401095  000000000000000000000000000000000000000000000000000000000000000000000000000000000000000631600000000000000000000000000   171022             00000000000000                                                                  000010
1021903727600017200000260206200016896                         00000000400292558585000000000000000000000000060614102226/400292500000000400292558585171022000000000800063300001  000000000000000000000000000000000000000000000000000000000000000000000000000000000000000800000000000000000000000000000   171022             00000000000000                                                                  000011
1021903727600017200000260206200016896                         00000000400384561841000000000000000000000000060614102226/400384500000000400384561841171022000000004000010400721  000000000000000000000000000000000000000000000000000000000000000000000000000000000000004000000000000000000000000000000   171022             00000000000000                                                                  000012
1021903727600017200000260206200016896                         00000000400511831969000000000000000000000000060614102226/400511800000000400511831969171022000000000800023700365  000000000000000000000000000000000000000000000000000000000000000000000000000000000000000800000000000000000000000000000   171022             00000000000000                                                                  000013
1021903727600017200000260206200016896                         00000000400148348487000000000000000000000000061014102226/400148300000000400148348487140822000000002000023700000  000000000000000000000000000000000000000000000000000000000000000000000000000000000000000000000000000000000000000000000                          1600000000                                                                  000014
9201237          000001000000000388576900001038          00007000001585390000000071790000050000000717900000100000002000000000000000000000000000000000000000000000000000000000000000000000000                                                                                                                                                                              00000000000000000000000         000015
