02RETORNO01COBRANCA       00000000000005034448E-PREPAG ADMINISTRADORA DE CAR237BRADESCO       1410210160000000787                                                                                                                                                                                                                                                                          151021         000001
1021903727600017200000260206200016896                         00000000200744291779000000000000000000000000060214102126/200744200000000200744291779171021000000000269923700073  000000000008200000000000000000000000000000000000000000000000000000000000000000000000000000000000000000000000000000000                          0000000000                                                                  000002
1021903727600017200000260206200016896                         00000000200751121390000000000000000000000000060214102126/200751100000000200751121390171021000000001000023700073  000000000008200000000000000000000000000000000000000000000000000000000000000000000000000000000000000000000000000000000                          0000000000                                                                  000003
1021903727600017200000260206200016896                         00000000400069830192000000000000000000000000060214102126/400069800000000400069830192171021000000012000023704151  000000000008200000000000000000000000000000000000000000000000000000000000000000000000000000000000000000000000000000000                          0000000000                                                                  000004
1021903727600017200000260206200016896                         0000000040010733353P000000000000000000000000060214102126/40010730000000040010733353P171021000000002100023704158  000000000008200000000000000000000000000000000000000000000000000000000000000000000000000000000000000000000000000000000                          0000000000                                                                  000005
1021903727600017200000260206200016896                         00000000400115301868000000000000000000000000060214102126/400115300000000400115301868171021000000000800023704422  000000000008200000000000000000000000000000000000000000000000000000000000000000000000000000000000000000000000000000000                          0000000000                                                                  000006
1021903727600017200000260206200016896                         00000000400126890113000000000000000000000000060214102126/400126800000000400126890113171021000000010530023704143  000000000008200000000000000000000000000000000000000000000000000000000000000000000000000000000000000000000000000000000                          0000000000                                                                  000007
1021903727600017200000260206200016896                         00000000400137100491000000000000000000000000060214102126/400137100000000400137100491171021000000001300023704158  000000000008200000000000000000000000000000000000000000000000000000000000000000000000000000000000000000000000000000000                          0000000000                                                                  000008
1021903727600017200000260206200016896                         00000000400151047528000000000000000000000000060214102126/400151000000000400151047528171021000000000950023703109  000000000008200000000000000000000000000000000000000000000000000000000000000000000000000000000000000000000000000000000                          0000000000                                                                  000009
1021903727600017200000260206200016896                         00000000400365688113000000000000000000000000060214102126/400365600000000400365688113171021000000004130023704400  000000000008200000000000000000000000000000000000000000000000000000000000000000000000000000000000000000000000000000000                          0000000000                                                                  000010
1021903727600017200000260206200016896                         00000000400443330204000000000000000000000000060214102126/400443300000000400443330204171021000000002800023704143  000000000008200000000000000000000000000000000000000000000000000000000000000000000000000000000000000000000000000000000                          0000000000                                                                  000011
1021903727600017200000260206200016896                         00000000400471763930000000000000000000000000060214102126/400471700000000400471763930171021000000003500023700140  000000000008200000000000000000000000000000000000000000000000000000000000000000000000000000000000000000000000000000000                          0000000000                                                                  000012
1021903727600017200000260206200016896                         00000000400492276983000000000000000000000000060214102126/400492200000000400492276983171021000000010250023704144  000000000008200000000000000000000000000000000000000000000000000000000000000000000000000000000000000000000000000000000                          0000000000                                                                  000013
1021903727600017200000260206200016896                         00000000400561338090000000000000000000000000060214102126/400561300000000400561338090171021000000150000023704428  000000000008200000000000000000000000000000000000000000000000000000000000000000000000000000000000000000000000000000000                          7600000000                                                                  000014
1021903727600017200000260206200016896                         00000000400585176970000000000000000000000000060214102126/400585100000000400585176970171021000000000850023704452  000000000008200000000000000000000000000000000000000000000000000000000000000000000000000000000000000000000000000000000                          0000000000                                                                  000015
1021903727600017200000260206200016896                         00000000400623299291000000000000000000000000060214102126/400623200000000400623299291171021000000000800023704452  000000000008200000000000000000000000000000000000000000000000000000000000000000000000000000000000000000000000000000000                          0000000000                                                                  000016
1021903727600017200000260206200016896                         00000000400625949846000000000000000000000000060214102126/400625900000000400625949846171021000000007000023704602  000000000008200000000000000000000000000000000000000000000000000000000000000000000000000000000000000000000000000000000                          0000000000                                                                  000017
1021903727600017200000260206200016896                         00000000400631921279000000000000000000000000060214102126/400631900000000400631921279171021000000012000023700435  000000000008200000000000000000000000000000000000000000000000000000000000000000000000000000000000000000000000000000000                          0000000000                                                                  000018
1021903727600017200000260206200016896                         0000000040068970488P000000000000000000000000060214102126/40068970000000040068970488P171021000000005000023704602  000000000008200000000000000000000000000000000000000000000000000000000000000000000000000000000000000000000000000000000                          0000000000                                                                  000019
1021903727600017200000260206200016896                         00000000400803651694000000000000000000000000060214102126/400803600000000400803651694171021000000005000023700153  000000000008200000000000000000000000000000000000000000000000000000000000000000000000000000000000000000000000000000000                          0000000000                                                                  000020
1021903727600017200000260206200016896                         00000000400862210936000000000000000000000000060214102126/400862200000000400862210936171021000000001250023704426  000000000008200000000000000000000000000000000000000000000000000000000000000000000000000000000000000000000000000000000                          0000000000                                                                  000021
1021903727600017200000260206200016896                         00000000400966910980000000000000000000000000060214102126/400966900000000400966910980171021000000002150023704143  000000000008200000000000000000000000000000000000000000000000000000000000000000000000000000000000000000000000000000000                          7600000000                                                                  000022
1021903727600017200000260206200016896                         00000000400983357039000000000000000000000000060214102126/400983300000000400983357039171021000000012000023700073  000000000008200000000000000000000000000000000000000000000000000000000000000000000000000000000000000000000000000000000                          0000000000                                                                  000023
1021903727600017200000260206200016896                         00000000200484849029000000000000000000000000060614102126/200484800000000200484849029151021000000000664410400478  000000000000000000000000000000000000000000000000000000000000000000000000000000000000000664400000000000000000000000000   151021             00000000000000                                                                  000024
1021903727600017200000260206200016896                         00000000400069830192000000000000000000000000060614102126/400069800000000400069830192171021000000012000010400977  000000000000000000000000000000000000000000000000000000000000000000000000000000000000012000000000000000000000000000000   151021             00000000000000                                                                  000025
1021903727600017200000260206200016896                         0000000040010733353P000000000000000000000000060614102126/40010730000000040010733353P171021000000002100010400422  000000000000000000000000000000000000000000000000000000000000000000000000000000000000002100000000000000000000000000000   151021             00000000000000                                                                  000026
1021903727600017200000260206200016896                         00000000400126890113000000000000000000000000060614102126/400126800000000400126890113171021000000010530010401070  000000000000000000000000000000000000000000000000000000000000000000000000000000000000010530000000000000000000000000000   151021             00000000000000                                                                  000027
1021903727600017200000260206200016896                         00000000400137100491000000000000000000000000060614102126/400137100000000400137100491171021000000001300000102020  000000000000000000000000000000000000000000000000000000000000000000000000000000000000001300000000000000000000000000000   151021             00000000000000                                                                  000028
1021903727600017200000260206200016896                         00000000400199951749000000000000000000000000060614102126/400199900000000400199951749161021000000008000063300001  000000000000000000000000000000000000000000000000000000000000000000000000000000000000008000000000000000000000000000000   151021             00000000000000                                                                  000029
1021903727600017200000260206200016896                         00000000400365688113000000000000000000000000060614102126/400365600000000400365688113171021000000004130010404402  000000000000000000000000000000000000000000000000000000000000000000000000000000000000004130000000000000000000000000000   151021             00000000000000                                                                  000030
1021903727600017200000260206200016896                         00000000400443330204000000000000000000000000060614102126/400443300000000400443330204171021000000002800023702835  000000000000000000000000000000000000000000000000000000000000000000000000000000000000002800000000000000000000000000000   151021             00000000000000                                                                  000031
1021903727600017200000260206200016896                         00000000400471763930000000000000000000000000060614102126/400471700000000400471763930171021000000003500075604327  000000000000000000000000000000000000000000000000000000000000000000000000000000000000003500000000000000000000000000000   151021             00000000000000                                                                  000032
1021903727600017200000260206200016896                         00000000400492276983000000000000000000000000060614102126/400492200000000400492276983171021000000010250063300001  000000000000000000000000000000000000000000000000000000000000000000000000000000000000010250000000000000000000000000000   151021             00000000000000                                                                  000033
1021903727600017200000260206200016896                         00000000400561338090000000000000000000000000060614102126/400561300000000400561338090171021000000150000034103311  000000000000000000000000000000000000000000000000000000000000000000000000000000000000150000000000000000000000000000000   151021             00000000000000                                                                  000034
1021903727600017200000260206200016896                         00000000400585176970000000000000000000000000060614102126/400585100000000400585176970171021000000000850075604327  000000000000000000000000000000000000000000000000000000000000000000000000000000000000000850000000000000000000000000000   151021             00000000000000                                                                  000035
1021903727600017200000260206200016896                         00000000400623299291000000000000000000000000060614102126/400623200000000400623299291171021000000000800075604327  000000000000000000000000000000000000000000000000000000000000000000000000000000000000000800000000000000000000000000000   151021             00000000000000                                                                  000036
1021903727600017200000260206200016896                         00000000400631921279000000000000000000000000060614102126/400631900000000400631921279171021000000012000010400041  000000000000000000000000000000000000000000000000000000000000000000000000000000000000012000000000000000000000000000000   151021             00000000000000                                                                  000037
1021903727600017200000260206200016896                         0000000040068970488P000000000000000000000000060614102126/40068970000000040068970488P171021000000005000000101694  000000000000000000000000000000000000000000000000000000000000000000000000000000000000005000000000000000000000000000000   151021             00000000000000                                                                  000038
1021903727600017200000260206200016896                         00000000400803651694000000000000000000000000060614102126/400803600000000400803651694171021000000005000023705889  000000000000000000000000000000000000000000000000000000000000000000000000000000000000005000000000000000000000000000000   151021             00000000000000                                                                  000039
1021903727600017200000260206200016896                         00000000400813090488000000000000000000000000060614102126/400813000000000400813090488161021000000150000034103311  000000000000000000000000000000000000000000000000000000000000000000000000000000000000150000000000000000000000000000000   151021             00000000000000                                                                  000040
1021903727600017200000260206200016896                         00000000400862210936000000000000000000000000060614102126/400862200000000400862210936171021000000001250004100377  000000000000000000000000000000000000000000000000000000000000000000000000000000000000001250000000000000000000000000000   151021             00000000000000                                                                  000041
1021903727600017200000260206200016896                         00000000400966910980000000000000000000000000060614102126/400966900000000400966910980171021000000002150023702151  000000000000000000000000000000000000000000000000000000000000000000000000000000000000002150000000000000000000000000000   151021             00000000000000                                                                  000042
1021903727600017200000260206200016896                         00000000400983357039000000000000000000000000060614102126/400983300000000400983357039171021000000012000000102687  000000000000000000000000000000000000000000000000000000000000000000000000000000000000012000000000000000000000000000000   151021             00000000000000                                                                  000043
1021903727600017200000260206200016896                         00000000200942450998000000000000000000000000061014102126/200942400000000200942450998140821000000000625123700000  000000000000000000000000000000000000000000000000000000000000000000000000000000000000000000000000000000000000000000000                          1600000000                                                                  000044
1021903727600017200000260206200016896                         00000000400239231914000000000000000000000000061014102126/400239200000000400239231914140821000000002000023700000  000000000000000000000000000000000000000000000000000000000000000000000000000000000000000000000000000000000000000000000                          1600000000                                                                  000045
1021903727600017200000260206200016896                         00000000400665001039000000000000000000000000061014102126/400665000000000400665001039140821000000012000023700000  000000000000000000000000000000000000000000000000000000000000000000000000000000000000000000000000000000000000000000000                          1600000000                                                                  000046
1021903727600017200000260206200016896                         00000000400680883315000000000000000000000000061014102126/400680800000000400680883315140821000000002630023700000  000000000000000000000000000000000000000000000000000000000000000000000000000000000000000000000000000000000000000000000                          1600000000                                                                  000047
1021903727600017200000260206200016896                         00000000400922849427000000000000000000000000061014102126/400922800000000400922849427140821000000000028023700000  000000000000000000000000000000000000000000000000000000000000000000000000000000000000000000000000000000000000000000000                          1600000000                                                                  000048
1021903727600017200000260206200016896                         00000000400993766646000000000000000000000000061014102126/400993700000000400993766646140821000000000028023700000  000000000000000000000000000000000000000000000000000000000000000000000000000000000000000000000000000000000000000000000                          1600000000                                                                  000049
1021903727600017200000260206200016896                         00000000600406177489000000000000000000000000061014102126/600406100000000600406177489140821000000000069923700000  000000000000000000000000000000000000000000000000000000000000000000000000000000000000000000000000000000000000000000000                          1600000000                                                                  000050
1021903727600017200000260206200016896                         0000000060090364225P000000000000000000000000061014102126/60090360000000060090364225P140821000000001000023700000  000000000000000000000000000000000000000000000000000000000000000000000000000000000000000000000000000000000000000000000                          1600000000                                                                  000051
9201237          000006210000001720643800000787          00022000002456799000003943244000200000039432440000800000018381000000000000000000000000000000000000000000000000000000000000000000000                                                                                                                                                                              00000000000000000000000         000052
