02RETORNO01COBRANCA       00000000000005034448E-PREPAG ADMINISTRADORA DE CAR237BRADESCO       1412210160000000828                                                                                                                                                                                                                                                                          151221         000001
1021903727600017200000260206200016896                         0000000010003223314P000000000000000000000000060214122126/10003220000000010003223314P141221000000010837823704159  000000000008200000000000000000000000000000000000000000000000000000000000000000000000000000000000000000000000000000000                          0000000000                                                                  000002
1021903727600017200000260206200016896                         00000000200237466737000000000000000000000000060214122126/200237400000000200237466737171221000000000500023700321  000000000008200000000000000000000000000000000000000000000000000000000000000000000000000000000000000000000000000000000                          0000000000                                                                  000003
1021903727600017200000260206200016896                         00000000200554251509000000000000000000000000060214122126/200554200000000200554251509171221000000000269923704424  000000000008200000000000000000000000000000000000000000000000000000000000000000000000000000000000000000000000000000000                          0000000000                                                                  000004
1021903727600017200000260206200016896                         00000000200641599112000000000000000000000000060214122126/200641500000000200641599112171221000000000219923704151  000000000008200000000000000000000000000000000000000000000000000000000000000000000000000000000000000000000000000000000                          7600000000                                                                  000005
1021903727600017200000260206200016896                         00000000200696771267000000000000000000000000060214122126/200696700000000200696771267171221000000001020323704151  000000000008200000000000000000000000000000000000000000000000000000000000000000000000000000000000000000000000000000000                          7600000000                                                                  000006
1021903727600017200000260206200016896                         00000000400160361804000000000000000000000000060214122126/400160300000000400160361804171221000000004500023704143  000000000008200000000000000000000000000000000000000000000000000000000000000000000000000000000000000000000000000000000                          0000000000                                                                  000007
1021903727600017200000260206200016896                         00000000400260095028000000000000000000000000060214122126/400260000000000400260095028171221000000001000023704424  000000000008200000000000000000000000000000000000000000000000000000000000000000000000000000000000000000000000000000000                          0000000000                                                                  000008
1021903727600017200000260206200016896                         00000000400285193075000000000000000000000000060214122126/400285100000000400285193075171221000000003000023700435  000000000008200000000000000000000000000000000000000000000000000000000000000000000000000000000000000000000000000000000                          0000000000                                                                  000009
1021903727600017200000260206200016896                         00000000400305027657000000000000000000000000060214122126/400305000000000400305027657171221000000000800023704143  000000000008200000000000000000000000000000000000000000000000000000000000000000000000000000000000000000000000000000000                          0000000000                                                                  000010
1021903727600017200000260206200016896                         00000000400312739115000000000000000000000000060214122126/400312700000000400312739115171221000000000800023704452  000000000008200000000000000000000000000000000000000000000000000000000000000000000000000000000000000000000000000000000                          0000000000                                                                  000011
1021903727600017200000260206200016896                         00000000400382143570000000000000000000000000060214122126/400382100000000400382143570171221000000012000023704154  000000000008200000000000000000000000000000000000000000000000000000000000000000000000000000000000000000000000000000000                          0000000000                                                                  000012
1021903727600017200000260206200016896                         00000000400441669573000000000000000000000000060214122126/400441600000000400441669573171221000000000800023704152  000000000008200000000000000000000000000000000000000000000000000000000000000000000000000000000000000000000000000000000                          0000000000                                                                  000013
1021903727600017200000260206200016896                         00000000400496411818000000000000000000000000060214122126/400496400000000400496411818171221000000000800023704452  000000000008200000000000000000000000000000000000000000000000000000000000000000000000000000000000000000000000000000000                          0000000000                                                                  000014
1021903727600017200000260206200016896                         00000000400528047870000000000000000000000000060214122126/400528000000000400528047870171221000000001760023704159  000000000008200000000000000000000000000000000000000000000000000000000000000000000000000000000000000000000000000000000                          0000000000                                                                  000015
1021903727600017200000260206200016896                         00000000400569730992000000000000000000000000060214122126/400569700000000400569730992171221000000002000023702062  000000000008200000000000000000000000000000000000000000000000000000000000000000000000000000000000000000000000000000000                          0000000000                                                                  000016
1021903727600017200000260206200016896                         00000000400608255881000000000000000000000000060214122126/400608200000000400608255881171221000000000800023704151  000000000008200000000000000000000000000000000000000000000000000000000000000000000000000000000000000000000000000000000                          0000000000                                                                  000017
1021903727600017200000260206200016896                         00000000400648114768000000000000000000000000060214122126/400648100000000400648114768171221000000000800023704422  000000000008200000000000000000000000000000000000000000000000000000000000000000000000000000000000000000000000000000000                          0000000000                                                                  000018
1021903727600017200000260206200016896                         00000000400656619836000000000000000000000000060214122126/400656600000000400656619836171221000000000800023704422  000000000008200000000000000000000000000000000000000000000000000000000000000000000000000000000000000000000000000000000                          0000000000                                                                  000019
1021903727600017200000260206200016896                         00000000400745703034000000000000000000000000060214122126/400745700000000400745703034171221000000005870023704158  000000000008200000000000000000000000000000000000000000000000000000000000000000000000000000000000000000000000000000000                          0000000000                                                                  000020
1021903727600017200000260206200016896                         00000000400769185662000000000000000000000000060214122126/400769100000000400769185662171221000000005000023704159  000000000008200000000000000000000000000000000000000000000000000000000000000000000000000000000000000000000000000000000                          0000000000                                                                  000021
1021903727600017200000260206200016896                         00000000400804590028000000000000000000000000060214122126/400804500000000400804590028171221000000002000023704151  000000000008200000000000000000000000000000000000000000000000000000000000000000000000000000000000000000000000000000000                          0000000000                                                                  000022
1021903727600017200000260206200016896                         00000000400821821807000000000000000000000000060214122126/400821800000000400821821807171221000000010000023700153  000000000008200000000000000000000000000000000000000000000000000000000000000000000000000000000000000000000000000000000                          0000000000                                                                  000023
1021903727600017200000260206200016896                         00000000400828595438000000000000000000000000060214122126/400828500000000400828595438171221000000004810023700140  000000000008200000000000000000000000000000000000000000000000000000000000000000000000000000000000000000000000000000000                          0000000000                                                                  000024
1021903727600017200000260206200016896                         00000000400829709739000000000000000000000000060214122126/400829700000000400829709739171221000000003000023704144  000000000008200000000000000000000000000000000000000000000000000000000000000000000000000000000000000000000000000000000                          0000000000                                                                  000025
1021903727600017200000260206200016896                         0000000040086305850P000000000000000000000000060214122126/40086300000000040086305850P171221000000001600023700320  000000000008200000000000000000000000000000000000000000000000000000000000000000000000000000000000000000000000000000000                          0000000000                                                                  000026
1021903727600017200000260206200016896                         00000000400875070378000000000000000000000000060214122126/400875000000000400875070378171221000000006000023700140  000000000008200000000000000000000000000000000000000000000000000000000000000000000000000000000000000000000000000000000                          0000000000                                                                  000027
1021903727600017200000260206200016896                         00000000400875447242000000000000000000000000060214122126/400875400000000400875447242171221000000012000023704452  000000000008200000000000000000000000000000000000000000000000000000000000000000000000000000000000000000000000000000000                          0000000000                                                                  000028
1021903727600017200000260206200016896                         00000000400891529569000000000000000000000000060214122126/400891500000000400891529569171221000000009000023704157  000000000008200000000000000000000000000000000000000000000000000000000000000000000000000000000000000000000000000000000                          0000000000                                                                  000029
1021903727600017200000260206200016896                         00000000400926420514000000000000000000000000060214122126/400926400000000400926420514171221000000003000023704143  000000000008200000000000000000000000000000000000000000000000000000000000000000000000000000000000000000000000000000000                          7600000000                                                                  000030
1021903727600017200000260206200016896                         00000000400981695328000000000000000000000000060214122126/400981600000000400981695328171221000000008000023702062  000000000008200000000000000000000000000000000000000000000000000000000000000000000000000000000000000000000000000000000                          7600000000                                                                  000031
1021903727600017200000260206200016896                         00000000100032171446000000000000000000000000060614122126/100032100000000100032171446141221000000000215607700001  000000000000000000000000000000000000000000000000000000000000000000000000000000000000000215600000000000000000000000000   151221             00000000000000                                                                  000032
1021903727600017200000260206200016896                         0000000010003217917P000000000000000000000000060614122126/10003210000000010003217917P141221000000000227500104302  000000000000000000000000000000000000000000000000000000000000000000000000000000000000000227500000000000000000000000000   151221             00000000000000                                                                  000033
1021903727600017200000260206200016896                         0000000010003223314P000000000000000000000000060614122126/10003220000000010003223314P141221000000010837810404752  000000000000000000000000000000000000000000000000000000000000000000000000000000000000010837800000000000000000000000000   151221             00000000000000                                                                  000034
1021903727600017200000260206200016896                         00000000400093722120000000000000000000000000060614122126/400093700000000400093722120161221000000000800075600259  000000000000000000000000000000000000000000000000000000000000000000000000000000000000000800000000000000000000000000000   151221             00000000000000                                                                  000035
1021903727600017200000260206200016896                         00000000400285193075000000000000000000000000060614122126/400285100000000400285193075171221000000003000010400041  000000000000000000000000000000000000000000000000000000000000000000000000000000000000003000000000000000000000000000000   151221             00000000000000                                                                  000036
1021903727600017200000260206200016896                         00000000400312739115000000000000000000000000060614122126/400312700000000400312739115171221000000000800075604327  000000000000000000000000000000000000000000000000000000000000000000000000000000000000000800000000000000000000000000000   151221             00000000000000                                                                  000037
1021903727600017200000260206200016896                         00000000400345332452000000000000000000000000060614122126/400345300000000400345332452161221000000005000063300001  000000000000000000000000000000000000000000000000000000000000000000000000000000000000005000000000000000000000000000000   151221             00000000000000                                                                  000038
1021903727600017200000260206200016896                         00000000400412734455000000000000000000000000060614122126/400412700000000400412734455141221000000004500010400281  000000000000000000000000000000000000000000000000000000000000000000000000000000000000004500000000000000000000000000000   151221             00000000000000                                                                  000039
1021903727600017200000260206200016896                         00000000400496411818000000000000000000000000060614122126/400496400000000400496411818171221000000000800075604327  000000000000000000000000000000000000000000000000000000000000000000000000000000000000000800000000000000000000000000000   151221             00000000000000                                                                  000040
1021903727600017200000260206200016896                         00000000400518239429000000000000000000000000060614122126/400518200000000400518239429161221000000003000063300001  000000000000000000000000000000000000000000000000000000000000000000000000000000000000003000000000000000000000000000000   151221             00000000000000                                                                  000041
1021903727600017200000260206200016896                         00000000400528047870000000000000000000000000060614122126/400528000000000400528047870171221000000001760075604327  000000000000000000000000000000000000000000000000000000000000000000000000000000000000001760000000000000000000000000000   151221             00000000000000                                                                  000042
1021903727600017200000260206200016896                         00000000400569730992000000000000000000000000060614122126/400569700000000400569730992171221000000002000010403016  000000000000000000000000000000000000000000000000000000000000000000000000000000000000002000000000000000000000000000000   151221             00000000000000                                                                  000043
1021903727600017200000260206200016896                         00000000400576175961000000000000000000000000060614122126/400576100000000400576175961161221000000005000002100153  000000000000000000000000000000000000000000000000000000000000000000000000000000000000005000000000000000000000000000000   151221             00000000000000                                                                  000044
1021903727600017200000260206200016896                         00000000400642290521000000000000000000000000060614122126/400642200000000400642290521161221000000000810075600259  000000000000000000000000000000000000000000000000000000000000000000000000000000000000000810000000000000000000000000000   151221             00000000000000                                                                  000045
1021903727600017200000260206200016896                         00000000400648114768000000000000000000000000060614122126/400648100000000400648114768171221000000000800075604327  000000000000000000000000000000000000000000000000000000000000000000000000000000000000000800000000000000000000000000000   151221             00000000000000                                                                  000046
1021903727600017200000260206200016896                         00000000400656619836000000000000000000000000060614122126/400656600000000400656619836171221000000000800010402089  000000000000000000000000000000000000000000000000000000000000000000000000000000000000000800000000000000000000000000000   151221             00000000000000                                                                  000047
1021903727600017200000260206200016896                         00000000400769185662000000000000000000000000060614122126/400769100000000400769185662171221000000005000000100922  000000000000000000000000000000000000000000000000000000000000000000000000000000000000005000000000000000000000000000000   151221             00000000000000                                                                  000048
1021903727600017200000260206200016896                         00000000400804590028000000000000000000000000060614122126/400804500000000400804590028171221000000002000010400280  000000000000000000000000000000000000000000000000000000000000000000000000000000000000002000000000000000000000000000000   151221             00000000000000                                                                  000049
1021903727600017200000260206200016896                         00000000400821821807000000000000000000000000060614122126/400821800000000400821821807171221000000010000023705889  000000000000000000000000000000000000000000000000000000000000000000000000000000000000010000000000000000000000000000000   151221             00000000000000                                                                  000050
1021903727600017200000260206200016896                         00000000400828595438000000000000000000000000060614122126/400828500000000400828595438171221000000004810007000264  000000000000000000000000000000000000000000000000000000000000000000000000000000000000004810000000000000000000000000000   151221             00000000000000                                                                  000051
1021903727600017200000260206200016896                         00000000400829709739000000000000000000000000060614122126/400829700000000400829709739171221000000003000065500001  000000000000000000000000000000000000000000000000000000000000000000000000000000000000003000000000000000000000000000000   151221             00000000000000                                                                  000052
1021903727600017200000260206200016896                         0000000040086305850P000000000000000000000000060614122126/40086300000000040086305850P171221000000001600075604327  000000000000000000000000000000000000000000000000000000000000000000000000000000000000001600000000000000000000000000000   151221             00000000000000                                                                  000053
1021903727600017200000260206200016896                         00000000400875070378000000000000000000000000060614122126/400875000000000400875070378171221000000006000075604327  000000000000000000000000000000000000000000000000000000000000000000000000000000000000006000000000000000000000000000000   151221             00000000000000                                                                  000054
1021903727600017200000260206200016896                         00000000400875447242000000000000000000000000060614122126/400875400000000400875447242171221000000012000010401089  000000000000000000000000000000000000000000000000000000000000000000000000000000000000012000000000000000000000000000000   151221             00000000000000                                                                  000055
1021903727600017200000260206200016896                         00000000400891529569000000000000000000000000060614122126/400891500000000400891529569171221000000009000026000001  000000000000000000000000000000000000000000000000000000000000000000000000000000000000009000000000000000000000000000000   151221             00000000000000                                                                  000056
1021903727600017200000260206200016896                         00000000400921794904000000000000000000000000060614122126/400921700000000400921794904161221000000009170002100133  000000000000000000000000000000000000000000000000000000000000000000000000000000000000009170000000000000000000000000000   151221             00000000000000                                                                  000057
1021903727600017200000260206200016896                         00000000400926420514000000000000000000000000060614122126/400926400000000400926420514171221000000003000023702151  000000000000000000000000000000000000000000000000000000000000000000000000000000000000003000000000000000000000000000000   151221             00000000000000                                                                  000058
1021903727600017200000260206200016896                         00000000200466134780000000000000000000000000061014122126/200466100000000200466134780141021000000000771623700000  000000000000000000000000000000000000000000000000000000000000000000000000000000000000000000000000000000000000000000000                          1600000000                                                                  000059
1021903727600017200000260206200016896                         00000000200631285926000000000000000000000000061014122126/200631200000000200631285926141021000000000119923700000  000000000000000000000000000000000000000000000000000000000000000000000000000000000000000000000000000000000000000000000                          1600000000                                                                  000060
1021903727600017200000260206200016896                         00000000400115331082000000000000000000000000061014122126/400115300000000400115331082141021000000010000023700000  000000000000000000000000000000000000000000000000000000000000000000000000000000000000000000000000000000000000000000000                          1600000000                                                                  000061
1021903727600017200000260206200016896                         0000000040047923337P000000000000000000000000061014122126/40047920000000040047923337P141021000000011870023700000  000000000000000000000000000000000000000000000000000000000000000000000000000000000000000000000000000000000000000000000                          1600000000                                                                  000062
1021903727600017200000260206200016896                         00000000400492365986000000000000000000000000061014122126/400492300000000400492365986141021000000001000023700000  000000000000000000000000000000000000000000000000000000000000000000000000000000000000000000000000000000000000000000000                          1600000000                                                                  000063
1021903727600017200000260206200016896                         00000000400949915650000000000000000000000000061014122126/400949900000000400949915650141021000000002000023700000  000000000000000000000000000000000000000000000000000000000000000000000000000000000000000000000000000000000000000000000                          1600000000                                                                  000064
1021903727600017200000260206200016896                         00000000600006332787000000000000000000000000061014122126/600006300000000600006332787141021000000000269923700000  000000000000000000000000000000000000000000000000000000000000000000000000000000000000000000000000000000000000000000000                          1600000000                                                                  000065
9201237          000003770000000780547300000828          00030000001129879000001059309000270000010593090000700000026031400000000000000000000000000000000000000000000000000000000000000000000                                                                                                                                                                              00000000000000000000000         000066
