02RETORNO01COBRANCA       00000000000005034448E-PREPAG ADMINISTRADORA DE CAR237BRADESCO       1409210160000000766                                                                                                                                                                                                                                                                          150921         000001
1021903727600017200000260206200016896                         00000000100031342379000000000000000000000000060214092126/100031300000000100031342379140921000000002682523704151  000000000008200000000000000000000000000000000000000000000000000000000000000000000000000000000000000000000000000000000                          0000000000                                                                  000002
1021903727600017200000260206200016896                         00000000100031344789000000000000000000000000060214092126/100031300000000100031344789140921000000010104823704159  000000000008200000000000000000000000000000000000000000000000000000000000000000000000000000000000000000000000000000000                          0000000000                                                                  000003
1021903727600017200000260206200016896                         00000000200122138205000000000000000000000000060214092126/200122100000000200122138205170921000000000119923704151  000000000008200000000000000000000000000000000000000000000000000000000000000000000000000000000000000000000000000000000                          0000000000                                                                  000004
1021903727600017200000260206200016896                         0000000020032602957P000000000000000000000000060214092126/20032600000000020032602957P170921000000000940423704154  000000000008200000000000000000000000000000000000000000000000000000000000000000000000000000000000000000000000000000000                          0000000000                                                                  000005
1021903727600017200000260206200016896                         00000000200361015077000000000000000000000000060214092126/200361000000000200361015077170921000000000280723700321  000000000008200000000000000000000000000000000000000000000000000000000000000000000000000000000000000000000000000000000                          0000000000                                                                  000006
1021903727600017200000260206200016896                         00000000200561376406000000000000000000000000060214092126/200561300000000200561376406170921000000000500023702062  000000000008200000000000000000000000000000000000000000000000000000000000000000000000000000000000000000000000000000000                          7600000000                                                                  000007
1021903727600017200000260206200016896                         00000000200753140848000000000000000000000000060214092126/200753100000000200753140848170921000000001120023704151  000000000008200000000000000000000000000000000000000000000000000000000000000000000000000000000000000000000000000000000                          0000000000                                                                  000008
1021903727600017200000260206200016896                         0000000040003733939P000000000000000000000000060214092126/40003730000000040003733939P170921000000012000023704422  000000000008200000000000000000000000000000000000000000000000000000000000000000000000000000000000000000000000000000000                          0000000000                                                                  000009
1021903727600017200000260206200016896                         00000000400083349936000000000000000000000000060214092126/400083300000000400083349936170921000000012000023704147  000000000008200000000000000000000000000000000000000000000000000000000000000000000000000000000000000000000000000000000                          7600000000                                                                  000010
1021903727600017200000260206200016896                         00000000400210577080000000000000000000000000060214092126/400210500000000400210577080170921000000001160023704452  000000000008200000000000000000000000000000000000000000000000000000000000000000000000000000000000000000000000000000000                          0000000000                                                                  000011
1021903727600017200000260206200016896                         00000000400238765168000000000000000000000000060214092126/400238700000000400238765168170921000000001650023703162  000000000008200000000000000000000000000000000000000000000000000000000000000000000000000000000000000000000000000000000                          0000000000                                                                  000012
1021903727600017200000260206200016896                         00000000400240538551000000000000000000000000060214092126/400240500000000400240538551170921000000008000023703109  000000000008200000000000000000000000000000000000000000000000000000000000000000000000000000000000000000000000000000000                          7600000000                                                                  000013
1021903727600017200000260206200016896                         00000000400396544810000000000000000000000000060214092126/400396500000000400396544810170921000000012000023700320  000000000008200000000000000000000000000000000000000000000000000000000000000000000000000000000000000000000000000000000                          0000000000                                                                  000014
1021903727600017200000260206200016896                         00000000400438126380000000000000000000000000060214092126/400438100000000400438126380170921000000002000023704424  000000000008200000000000000000000000000000000000000000000000000000000000000000000000000000000000000000000000000000000                          0000000000                                                                  000015
1021903727600017200000260206200016896                         00000000400452186116000000000000000000000000060214092126/400452100000000400452186116170921000000001000023704452  000000000008200000000000000000000000000000000000000000000000000000000000000000000000000000000000000000000000000000000                          0000000000                                                                  000016
1021903727600017200000260206200016896                         00000000400468838652000000000000000000000000060214092126/400468800000000400468838652170921000000002000023704151  000000000008200000000000000000000000000000000000000000000000000000000000000000000000000000000000000000000000000000000                          0000000000                                                                  000017
1021903727600017200000260206200016896                         00000000400485792429000000000000000000000000060214092126/400485700000000400485792429170921000000001000023704400  000000000008200000000000000000000000000000000000000000000000000000000000000000000000000000000000000000000000000000000                          0000000000                                                                  000018
1021903727600017200000260206200016896                         00000000400537684417000000000000000000000000060214092126/400537600000000400537684417170921000000016000023704157  000000000008200000000000000000000000000000000000000000000000000000000000000000000000000000000000000000000000000000000                          0000000000                                                                  000019
1021903727600017200000260206200016896                         00000000400575416973000000000000000000000000060214092126/400575400000000400575416973170921000000030000023700321  000000000008200000000000000000000000000000000000000000000000000000000000000000000000000000000000000000000000000000000                          0000000000                                                                  000020
1021903727600017200000260206200016896                         00000000400579416005000000000000000000000000060214092126/400579400000000400579416005170921000000002800023704159  000000000008200000000000000000000000000000000000000000000000000000000000000000000000000000000000000000000000000000000                          0000000000                                                                  000021
1021903727600017200000260206200016896                         00000000400777130621000000000000000000000000060214092126/400777100000000400777130621170921000000001180023704158  000000000008200000000000000000000000000000000000000000000000000000000000000000000000000000000000000000000000000000000                          0000000000                                                                  000022
1021903727600017200000260206200016896                         00000000400839265367000000000000000000000000060214092126/400839200000000400839265367170921000000014000023704157  000000000008200000000000000000000000000000000000000000000000000000000000000000000000000000000000000000000000000000000                          0000000000                                                                  000023
1021903727600017200000260206200016896                         00000000400874364696000000000000000000000000060214092126/400874300000000400874364696170921000000005000023704159  000000000008200000000000000000000000000000000000000000000000000000000000000000000000000000000000000000000000000000000                          0000000000                                                                  000024
1021903727600017200000260206200016896                         00000000400935802330000000000000000000000000060214092126/400935800000000400935802330170921000000002000023704143  000000000008200000000000000000000000000000000000000000000000000000000000000000000000000000000000000000000000000000000                          0000000000                                                                  000025
1021903727600017200000260206200016896                         00000000400996467380000000000000000000000000060214092126/400996400000000400996467380170921000000012000023703109  000000000008200000000000000000000000000000000000000000000000000000000000000000000000000000000000000000000000000000000                          0000000000                                                                  000026
1021903727600017200000260206200016896                         00000000600236009543000000000000000000000000060214092126/600236000000000600236009543170921000000000099923704422  000000000008200000000000000000000000000000000000000000000000000000000000000000000000000000000000000000000000000000000                          0000000000                                                                  000027
1021903727600017200000260206200016896                         00000000600269286011000000000000000000000000060214092126/600269200000000600269286011170921000000001000023704151  000000000008200000000000000000000000000000000000000000000000000000000000000000000000000000000000000000000000000000000                          0000000000                                                                  000028
1021903727600017200000260206200016896                         00000000600578172888000000000000000000000000060214092126/600578100000000600578172888170921000000000099923704422  000000000008200000000000000000000000000000000000000000000000000000000000000000000000000000000000000000000000000000000                          0000000000                                                                  000029
1021903727600017200000260206200016896                         00000000600713647751000000000000000000000000060214092126/600713600000000600713647751170921000000000109923704151  000000000008200000000000000000000000000000000000000000000000000000000000000000000000000000000000000000000000000000000                          0000000000                                                                  000030
1021903727600017200000260206200016896                         0000000060082196402P000000000000000000000000060214092126/60082190000000060082196402P170921000000000319923704152  000000000008200000000000000000000000000000000000000000000000000000000000000000000000000000000000000000000000000000000                          0000000000                                                                  000031
1021903727600017200000260206200016896                         00000000100031342379000000000000000000000000060614092126/100031300000000100031342379140921000000002682500103567  000000000000000000000000000000000000000000000000000000000000000000000000000000000000002682500000000000000000000000000   150921             00000000000000                                                                  000032
1021903727600017200000260206200016896                         00000000100031344657000000000000000000000000060614092126/100031300000000100031344657140921000000000360010404124  000000000000000000000000000000000000000000000000000000000000000000000000000000000000000360000000000000000000000000000   150921             00000000000000                                                                  000033
1021903727600017200000260206200016896                         00000000100031344789000000000000000000000000060614092126/100031300000000100031344789140921000000010104810404752  000000000000000000000000000000000000000000000000000000000000000000000000000000000000010104800000000000000000000000000   150921             00000000000000                                                                  000034
1021903727600017200000260206200016896                         00000000200054350969000000000000000000000000060614092126/200054300000000200054350969160921000000000721400104233  000000000000000000000000000000000000000000000000000000000000000000000000000000000000000721400000000000000000000000000   150921             00000000000000                                                                  000035
1021903727600017200000260206200016896                         00000000200561376406000000000000000000000000060614092126/200561300000000200561376406170921000000000500010400129  000000000000000000000000000000000000000000000000000000000000000000000000000000000000000500000000000000000000000000000   150921             00000000000000                                                                  000036
1021903727600017200000260206200016896                         00000000200839009639000000000000000000000000060614092126/200839000000000200839009639160921000000000308610401818  000000000000000000000000000000000000000000000000000000000000000000000000000000000000000308600000000000000000000000000   150921             00000000000000                                                                  000037
1021903727600017200000260206200016896                         0000000040003733939P000000000000000000000000060614092126/40003730000000040003733939P170921000000012000063300001  000000000000000000000000000000000000000000000000000000000000000000000000000000000000012000000000000000000000000000000   150921             00000000000000                                                                  000038
1021903727600017200000260206200016896                         00000000400210577080000000000000000000000000060614092126/400210500000000400210577080170921000000001160010401559  000000000000000000000000000000000000000000000000000000000000000000000000000000000000001160000000000000000000000000000   150921             00000000000000                                                                  000039
1021903727600017200000260206200016896                         00000000400238765168000000000000000000000000060614092126/400238700000000400238765168170921000000001650021200001  000000000000000000000000000000000000000000000000000000000000000000000000000000000000001650000000000000000000000000000   150921             00000000000000                                                                  000040
1021903727600017200000260206200016896                         00000000400400003102000000000000000000000000060614092126/400400000000000400400003102160921000000011250002100112  000000000000000000000000000000000000000000000000000000000000000000000000000000000000011250000000000000000000000000000   150921             00000000000000                                                                  000041
1021903727600017200000260206200016896                         00000000400427814463000000000000000000000000060614092126/400427800000000400427814463140921000000002540002100112  000000000000000000000000000000000000000000000000000000000000000000000000000000000000002540000000000000000000000000000   150921             00000000000000                                                                  000042
1021903727600017200000260206200016896                         00000000400438126380000000000000000000000000060614092126/400438100000000400438126380170921000000002000008100001  000000000000000000000000000000000000000000000000000000000000000000000000000000000000002000000000000000000000000000000   150921             00000000000000                                                                  000043
1021903727600017200000260206200016896                         00000000400452186116000000000000000000000000060614092126/400452100000000400452186116170921000000001000021200001  000000000000000000000000000000000000000000000000000000000000000000000000000000000000001000000000000000000000000000000   150921             00000000000000                                                                  000044
1021903727600017200000260206200016896                         00000000400468838652000000000000000000000000060614092126/400468800000000400468838652170921000000002000010400280  000000000000000000000000000000000000000000000000000000000000000000000000000000000000002000000000000000000000000000000   150921             00000000000000                                                                  000045
1021903727600017200000260206200016896                         00000000400485792429000000000000000000000000060614092126/400485700000000400485792429170921000000001000010400185  000000000000000000000000000000000000000000000000000000000000000000000000000000000000001000000000000000000000000000000   150921             00000000000000                                                                  000046
1021903727600017200000260206200016896                         00000000400537684417000000000000000000000000060614092126/400537600000000400537684417170921000000016000023703929  000000000000000000000000000000000000000000000000000000000000000000000000000000000000016000000000000000000000000000000   150921             00000000000000                                                                  000047
1021903727600017200000260206200016896                         00000000400573469239000000000000000000000000060614092126/400573400000000400573469239160921000000001000010402738  000000000000000000000000000000000000000000000000000000000000000000000000000000000000001000000000000000000000000000000   150921             00000000000000                                                                  000048
1021903727600017200000260206200016896                         00000000400575416973000000000000000000000000060614092126/400575400000000400575416973170921000000030000007700001  000000000000000000000000000000000000000000000000000000000000000000000000000000000000030000000000000000000000000000000   150921             00000000000000                                                                  000049
1021903727600017200000260206200016896                         00000000400579416005000000000000000000000000060614092126/400579400000000400579416005170921000000002800075604327  000000000000000000000000000000000000000000000000000000000000000000000000000000000000002800000000000000000000000000000   150921             00000000000000                                                                  000050
1021903727600017200000260206200016896                         00000000400648069991000000000000000000000000060614092126/400648000000000400648069991160921000000000800010403189  000000000000000000000000000000000000000000000000000000000000000000000000000000000000000800000000000000000000000000000   150921             00000000000000                                                                  000051
1021903727600017200000260206200016896                         00000000400676408041000000000000000000000000060614092126/400676400000000400676408041140921000000004790002100112  000000000000000000000000000000000000000000000000000000000000000000000000000000000000004790000000000000000000000000000   150921             00000000000000                                                                  000052
1021903727600017200000260206200016896                         00000000400777130621000000000000000000000000060614092126/400777100000000400777130621170921000000001180000102020  000000000000000000000000000000000000000000000000000000000000000000000000000000000000001180000000000000000000000000000   150921             00000000000000                                                                  000053
1021903727600017200000260206200016896                         00000000400839265367000000000000000000000000060614092126/400839200000000400839265367170921000000014000007700001  000000000000000000000000000000000000000000000000000000000000000000000000000000000000014000000000000000000000000000000   150921             00000000000000                                                                  000054
1021903727600017200000260206200016896                         00000000400935802330000000000000000000000000060614092126/400935800000000400935802330170921000000002000010403555  000000000000000000000000000000000000000000000000000000000000000000000000000000000000002000000000000000000000000000000   150921             00000000000000                                                                  000055
1021903727600017200000260206200016896                         00000000400996467380000000000000000000000000060614092126/400996400000000400996467380170921000000012000023701514  000000000000000000000000000000000000000000000000000000000000000000000000000000000000012000000000000000000000000000000   150921             00000000000000                                                                  000056
1021903727600017200000260206200016896                         00000000600269286011000000000000000000000000060614092126/600269200000000600269286011170921000000001000023700223  000000000000000000000000000000000000000000000000000000000000000000000000000000000000001000000000000000000000000000000   150921             00000000000000                                                                  000057
1021903727600017200000260206200016896                         00000000600713647751000000000000000000000000060614092126/600713600000000600713647751170921000000000109921200001  000000000000000000000000000000000000000000000000000000000000000000000000000000000000000109900000000000000000000000000   150921             00000000000000                                                                  000058
1021903727600017200000260206200016896                         00000000200159513707000000000000000000000000061014092126/200159500000000200159513707150721000000000500023700000  000000000000000000000000000000000000000000000000000000000000000000000000000000000000000000000000000000000000000000000                          1600000000                                                                  000059
1021903727600017200000260206200016896                         00000000200336419171000000000000000000000000061014092126/200336400000000200336419171150721000000000440123700000  000000000000000000000000000000000000000000000000000000000000000000000000000000000000000000000000000000000000000000000                          1600000000                                                                  000060
1021903727600017200000260206200016896                         00000000200565400530000000000000000000000000061014092126/200565400000000200565400530150721000000000119923700000  000000000000000000000000000000000000000000000000000000000000000000000000000000000000000000000000000000000000000000000                          1600000000                                                                  000061
1021903727600017200000260206200016896                         00000000400112868557000000000000000000000000061014092126/400112800000000400112868557150721000000000800023700000  000000000000000000000000000000000000000000000000000000000000000000000000000000000000000000000000000000000000000000000                          1600000000                                                                  000062
1021903727600017200000260206200016896                         00000000400545630822000000000000000000000000061014092126/400545600000000400545630822150721000000003010023700000  000000000000000000000000000000000000000000000000000000000000000000000000000000000000000000000000000000000000000000000                          1600000000                                                                  000063
1021903727600017200000260206200016896                         00000000400638182978000000000000000000000000061014092126/400638100000000400638182978150721000000003000023700000  000000000000000000000000000000000000000000000000000000000000000000000000000000000000000000000000000000000000000000000                          1600000000                                                                  000064
1021903727600017200000260206200016896                         00000000400841820602000000000000000000000000061014092126/400841800000000400841820602150721000000006000023700000  000000000000000000000000000000000000000000000000000000000000000000000000000000000000000000000000000000000000000000000                          1600000000                                                                  000065
9201237          000007520000001808870100000766          00030000001531679000001349572000270000013495720000700000013870000000000000000000000000000000000000000000000000000000000000000000000                                                                                                                                                                              00000000000000000000000         000066
