02RETORNO01COBRANCA       00000000000005034448E-PREPAG ADMINISTRADORA DE CAR237BRADESCO       1411220160000001058                                                                                                                                                                                                                                                                          161122         000001
1021903727600017200000260206200016896                         00000000100035896301000000000000000000000000060214112226/100035800000000100035896301151122000000001617623704400  000000000008200000000000000000000000000000000000000000000000000000000000000000000000000000000000000000000000000000000                          0000000000                                                                  000002
1021903727600017200000260206200016896                         00000000100035903863000000000000000000000000060214112226/100035900000000100035903863151122000000005266023704602  000000000008200000000000000000000000000000000000000000000000000000000000000000000000000000000000000000000000000000000                          0000000000                                                                  000003
1021903727600017200000260206200016896                         00000000100035919662000000000000000000000000060214112226/100035900000000100035919662151122000000000230023702062  000000000008200000000000000000000000000000000000000000000000000000000000000000000000000000000000000000000000000000000                          0000000000                                                                  000004
1021903727600017200000260206200016896                         00000000100035933401000000000000000000000000060214112226/100035900000000100035933401151122000000004130223704159  000000000008200000000000000000000000000000000000000000000000000000000000000000000000000000000000000000000000000000000                          0000000000                                                                  000005
1021903727600017200000260206200016896                         00000000200353966542000000000000000000000000060214112226/200353900000000200353966542171122000000000312223704143  000000000008200000000000000000000000000000000000000000000000000000000000000000000000000000000000000000000000000000000                          7600000000                                                                  000006
1021903727600017200000260206200016896                         00000000200671070159000000000000000000000000060214112226/200671000000000200671070159151122000000000640323704274  000000000008200000000000000000000000000000000000000000000000000000000000000000000000000000000000000000000000000000000                          0000000000                                                                  000007
1021903727600017200000260206200016896                         00000000400847910395000000000000000000000000060214112226/400847900000000400847910395171122000000004000023704143  000000000008200000000000000000000000000000000000000000000000000000000000000000000000000000000000000000000000000000000                          0000000000                                                                  000008
1021903727600017200000260206200016896                         00000000400856088606000000000000000000000000060214112226/400856000000000400856088606171122000000000800023704158  000000000008200000000000000000000000000000000000000000000000000000000000000000000000000000000000000000000000000000000                          0000000000                                                                  000009
1021903727600017200000260206200016896                         00000000400885267323000000000000000000000000060214112226/400885200000000400885267323171122000000150000023704428  000000000008200000000000000000000000000000000000000000000000000000000000000000000000000000000000000000000000000000000                          7600000000                                                                  000010
1021903727600017200000260206200016896                         00000000100035896301000000000000000000000000060614112226/100035800000000100035896301151122000000001617634108570  000000000000000000000000000000000000000000000000000000000000000000000000000000000000001617600000000000000000000000000   161122             00000000000000                                                                  000011
1021903727600017200000260206200016896                         00000000100035919662000000000000000000000000060614112226/100035900000000100035919662151122000000000230063300001  000000000000000000000000000000000000000000000000000000000000000000000000000000000000000230000000000000000000000000000   161122             00000000000000                                                                  000012
1021903727600017200000260206200016896                         00000000100035933401000000000000000000000000060614112226/100035900000000100035933401151122000000004130210404752  000000000000000000000000000000000000000000000000000000000000000000000000000000000000004130200000000000000000000000000   161122             00000000000000                                                                  000013
1021903727600017200000260206200016896                         00000000200353966542000000000000000000000000060614112226/200353900000000200353966542171122000000000312263300001  000000000000000000000000000000000000000000000000000000000000000000000000000000000000000312200000000000000000000000000   161122             00000000000000                                                                  000014
1021903727600017200000260206200016896                         00000000200671070159000000000000000000000000060614112226/200671000000000200671070159151122000000000640310400478  000000000000000000000000000000000000000000000000000000000000000000000000000000000000000640300000000000000000000000000   161122             00000000000000                                                                  000015
1021903727600017200000260206200016896                         00000000400847910395000000000000000000000000060614112226/400847900000000400847910395171122000000004000023702151  000000000000000000000000000000000000000000000000000000000000000000000000000000000000004000000000000000000000000000000   161122             00000000000000                                                                  000016
1021903727600017200000260206200016896                         00000000400856088606000000000000000000000000060614112226/400856000000000400856088606171122000000000800023700365  000000000000000000000000000000000000000000000000000000000000000000000000000000000000000800000000000000000000000000000   161122             00000000000000                                                                  000017
1021903727600017200000260206200016896                         0000000020010764885P000000000000000000000000061014112226/20010760000000020010764885P140922000000000205223700000  000000000000000000000000000000000000000000000000000000000000000000000000000000000000000000000000000000000000000000000                          1600000000                                                                  000018
1021903727600017200000260206200016896                         00000000200368003325000000000000000000000000061014112226/200368000000000200368003325140922000000000500023700000  000000000000000000000000000000000000000000000000000000000000000000000000000000000000000000000000000000000000000000000                          1600000000                                                                  000019
1021903727600017200000260206200016896                         00000000200546631068000000000000000000000000061014112226/200546600000000200546631068140922000000000236123700000  000000000000000000000000000000000000000000000000000000000000000000000000000000000000000000000000000000000000000000000                          1600000000                                                                  000020
1021903727600017200000260206200016896                         0000000020054812225P000000000000000000000000061014112226/20054810000000020054812225P130922000000001029023700000  000000000000000000000000000000000000000000000000000000000000000000000000000000000000000000000000000000000000000000000                          1600000000                                                                  000021
1021903727600017200000260206200016896                         00000000200863811446000000000000000000000000061014112226/200863800000000200863811446130922000000000710023700000  000000000000000000000000000000000000000000000000000000000000000000000000000000000000000000000000000000000000000000000                          1600000000                                                                  000022
1021903727600017200000260206200016896                         00000000200863819641000000000000000000000000061014112226/200863800000000200863819641140922000000000927923700000  000000000000000000000000000000000000000000000000000000000000000000000000000000000000000000000000000000000000000000000                          1600000000                                                                  000023
1021903727600017200000260206200016896                         00000000200945897624000000000000000000000000061014112226/200945800000000200945897624140922000000001543823700000  000000000000000000000000000000000000000000000000000000000000000000000000000000000000000000000000000000000000000000000                          1600000000                                                                  000024
1021903727600017200000260206200016896                         00000000400687917444000000000000000000000000061014112226/400687900000000400687917444120922000000002000023700000  000000000000000000000000000000000000000000000000000000000000000000000000000000000000000000000000000000000000000000000                          1600000000                                                                  000025
9201237          000000810000000256264300001058          00009000001669963000000117303000070000001173030000800000007152000000000000000000000000000000000000000000000000000000000000000000000                                                                                                                                                                              00000000000000000000000         000026
