02RETORNO01COBRANCA       00000000000005034448E-PREPAG ADMINISTRADORA DE CAR237BRADESCO       1402220160000000871                                                                                                                                                                                                                                                                          150222         000001
1021903727600017200000260206200016896                         00000000200041495984000000000000000000000000060214022226/200041400000000200041495984170222000000000193123702062  000000000008200000000000000000000000000000000000000000000000000000000000000000000000000000000000000000000000000000000                          0000000000                                                                  000002
1021903727600017200000260206200016896                         00000000200145670745000000000000000000000000060214022226/200145600000000200145670745170222000000000177423704151  000000000008200000000000000000000000000000000000000000000000000000000000000000000000000000000000000000000000000000000                          0000000000                                                                  000003
1021903727600017200000260206200016896                         00000000200213112071000000000000000000000000060214022226/200213100000000200213112071170222000000000630223704143  000000000008200000000000000000000000000000000000000000000000000000000000000000000000000000000000000000000000000000000                          0000000000                                                                  000004
1021903727600017200000260206200016896                         00000000200219415955000000000000000000000000060214022226/200219400000000200219415955150222000000000119923704424  000000000008200000000000000000000000000000000000000000000000000000000000000000000000000000000000000000000000000000000                          0000000000                                                                  000005
1021903727600017200000260206200016896                         00000000200440500452000000000000000000000000060214022226/200440500000000200440500452160222000000000251023704151  000000000008200000000000000000000000000000000000000000000000000000000000000000000000000000000000000000000000000000000                          0000000000                                                                  000006
1021903727600017200000260206200016896                         00000000200450913429000000000000000000000000060214022226/200450900000000200450913429170222000000000710023704400  000000000008200000000000000000000000000000000000000000000000000000000000000000000000000000000000000000000000000000000                          7600000000                                                                  000007
1021903727600017200000260206200016896                         00000000200509716908000000000000000000000000060214022226/200509700000000200509716908150222000000000308823704143  000000000008200000000000000000000000000000000000000000000000000000000000000000000000000000000000000000000000000000000                          7600000000                                                                  000008
1021903727600017200000260206200016896                         00000000200551139929000000000000000000000000060214022226/200551100000000200551139929160222000000000546323704151  000000000008200000000000000000000000000000000000000000000000000000000000000000000000000000000000000000000000000000000                          0000000000                                                                  000009
1021903727600017200000260206200016896                         0000000020062647141P000000000000000000000000060214022226/20062640000000020062647141P170222000000000335023704400  000000000000000000000000000000000000000000000000000000000000000000000000000000000000000000000000000000000000000000000                          0000000000                                                                  000010
1021903727600017200000260206200016896                         00000000200627572805000000000000000000000000060214022226/200627500000000200627572805170222000000000945223704426  000000000008200000000000000000000000000000000000000000000000000000000000000000000000000000000000000000000000000000000                          0000000000                                                                  000011
1021903727600017200000260206200016896                         00000000200742479460000000000000000000000000060214022226/200742400000000200742479460150222000000000209023704152  000000000008200000000000000000000000000000000000000000000000000000000000000000000000000000000000000000000000000000000                          7600000000                                                                  000012
1021903727600017200000260206200016896                         00000000200841022391000000000000000000000000060214022226/200841000000000200841022391170222000000000193123702062  000000000008200000000000000000000000000000000000000000000000000000000000000000000000000000000000000000000000000000000                          0000000000                                                                  000013
1021903727600017200000260206200016896                         0000000020090339570P000000000000000000000000060214022226/20090330000000020090339570P150222000000000119923704143  000000000008200000000000000000000000000000000000000000000000000000000000000000000000000000000000000000000000000000000                          7600000000                                                                  000014
1021903727600017200000260206200016896                         00000000200978235910000000000000000000000000060214022226/200978200000000200978235910160222000000000139923704400  000000000008200000000000000000000000000000000000000000000000000000000000000000000000000000000000000000000000000000000                          0000000000                                                                  000015
1021903727600017200000260206200016896                         00000000200986665762000000000000000000000000060214022226/200986600000000200986665762170222000000000193123704426  000000000008200000000000000000000000000000000000000000000000000000000000000000000000000000000000000000000000000000000                          0000000000                                                                  000016
1021903727600017200000260206200016896                         00000000200998534744000000000000000000000000060214022226/200998500000000200998534744150222000000000335123704157  000000000008200000000000000000000000000000000000000000000000000000000000000000000000000000000000000000000000000000000                          0000000000                                                                  000017
1021903727600017200000260206200016896                         0000000040011711822P000000000000000000000000060214022226/40011710000000040011711822P170222000000012000023704143  000000000008200000000000000000000000000000000000000000000000000000000000000000000000000000000000000000000000000000000                          7600000000                                                                  000018
1021903727600017200000260206200016896                         0000000040016189220P000000000000000000000000060214022226/40016180000000040016189220P170222000000003540023704159  000000000008200000000000000000000000000000000000000000000000000000000000000000000000000000000000000000000000000000000                          0000000000                                                                  000019
1021903727600017200000260206200016896                         0000000040016317052P000000000000000000000000060214022226/40016310000000040016317052P170222000000012000023700321  000000000008200000000000000000000000000000000000000000000000000000000000000000000000000000000000000000000000000000000                          0000000000                                                                  000020
1021903727600017200000260206200016896                         00000000400191304159000000000000000000000000060214022226/400191300000000400191304159150222000000001370023704400  000000000008200000000000000000000000000000000000000000000000000000000000000000000000000000000000000000000000000000000                          7600000000                                                                  000021
1021903727600017200000260206200016896                         00000000400202292794000000000000000000000000060214022226/400202200000000400202292794170222000000006600023704157  000000000008200000000000000000000000000000000000000000000000000000000000000000000000000000000000000000000000000000000                          0000000000                                                                  000022
1021903727600017200000260206200016896                         00000000400252032602000000000000000000000000060214022226/400252000000000400252032602170222000000001540023704422  000000000008200000000000000000000000000000000000000000000000000000000000000000000000000000000000000000000000000000000                          0000000000                                                                  000023
1021903727600017200000260206200016896                         00000000400306529923000000000000000000000000060214022226/400306500000000400306529923170222000000010000023704152  000000000008200000000000000000000000000000000000000000000000000000000000000000000000000000000000000000000000000000000                          0000000000                                                                  000024
1021903727600017200000260206200016896                         00000000400370450443000000000000000000000000060214022226/400370400000000400370450443150222000000001000023704422  000000000008200000000000000000000000000000000000000000000000000000000000000000000000000000000000000000000000000000000                          0000000000                                                                  000025
1021903727600017200000260206200016896                         00000000400371092028000000000000000000000000060214022226/400371000000000400371092028170222000000000800023704602  000000000008200000000000000000000000000000000000000000000000000000000000000000000000000000000000000000000000000000000                          0000000000                                                                  000026
1021903727600017200000260206200016896                         0000000040038565701P000000000000000000000000060214022226/40038560000000040038565701P170222000000000800023704400  000000000008200000000000000000000000000000000000000000000000000000000000000000000000000000000000000000000000000000000                          0000000000                                                                  000027
1021903727600017200000260206200016896                         00000000400388044965000000000000000000000000060214022226/400388000000000400388044965150222000000001500023704151  000000000008200000000000000000000000000000000000000000000000000000000000000000000000000000000000000000000000000000000                          0000000000                                                                  000028
1021903727600017200000260206200016896                         00000000400440822572000000000000000000000000060214022226/400440800000000400440822572170222000000008500023704157  000000000008200000000000000000000000000000000000000000000000000000000000000000000000000000000000000000000000000000000                          0000000000                                                                  000029
1021903727600017200000260206200016896                         00000000400444881611000000000000000000000000060214022226/400444800000000400444881611170222000000004000023704143  000000000008200000000000000000000000000000000000000000000000000000000000000000000000000000000000000000000000000000000                          0000000000                                                                  000030
1021903727600017200000260206200016896                         00000000400462458386000000000000000000000000060214022226/400462400000000400462458386170222000000150000023704428  000000000008200000000000000000000000000000000000000000000000000000000000000000000000000000000000000000000000000000000                          7600000000                                                                  000031
1021903727600017200000260206200016896                         00000000400574070631000000000000000000000000060214022226/400574000000000400574070631170222000000006000023704143  000000000008200000000000000000000000000000000000000000000000000000000000000000000000000000000000000000000000000000000                          0000000000                                                                  000032
1021903727600017200000260206200016896                         00000000400624324877000000000000000000000000060214022226/400624300000000400624324877170222000000004500023700140  000000000008200000000000000000000000000000000000000000000000000000000000000000000000000000000000000000000000000000000                          0000000000                                                                  000033
1021903727600017200000260206200016896                         00000000400637807451000000000000000000000000060214022226/400637800000000400637807451170222000000006000023704144  000000000008200000000000000000000000000000000000000000000000000000000000000000000000000000000000000000000000000000000                          0000000000                                                                  000034
1021903727600017200000260206200016896                         00000000400658009385000000000000000000000000060214022226/400658000000000400658009385170222000000004970023704158  000000000008200000000000000000000000000000000000000000000000000000000000000000000000000000000000000000000000000000000                          0000000000                                                                  000035
1021903727600017200000260206200016896                         0000000040066330848P000000000000000000000000060214022226/40066330000000040066330848P150222000000012000023700321  000000000008200000000000000000000000000000000000000000000000000000000000000000000000000000000000000000000000000000000                          0000000000                                                                  000036
1021903727600017200000260206200016896                         00000000400746157807000000000000000000000000060214022226/400746100000000400746157807170222000000002400023704158  000000000008200000000000000000000000000000000000000000000000000000000000000000000000000000000000000000000000000000000                          0000000000                                                                  000037
1021903727600017200000260206200016896                         00000000400787797039000000000000000000000000060214022226/400787700000000400787797039170222000000099000023704151  000000000008200000000000000000000000000000000000000000000000000000000000000000000000000000000000000000000000000000000                          7600000000                                                                  000038
1021903727600017200000260206200016896                         00000000400848418613000000000000000000000000060214022226/400848400000000400848418613150222000000001500023704452  000000000008200000000000000000000000000000000000000000000000000000000000000000000000000000000000000000000000000000000                          0000000000                                                                  000039
1021903727600017200000260206200016896                         00000000400849040614000000000000000000000000060214022226/400849000000000400849040614170222000000005000023704452  000000000008200000000000000000000000000000000000000000000000000000000000000000000000000000000000000000000000000000000                          0000000000                                                                  000040
1021903727600017200000260206200016896                         00000000400873310800000000000000000000000000060214022226/400873300000000400873310800170222000000000800023704400  000000000008200000000000000000000000000000000000000000000000000000000000000000000000000000000000000000000000000000000                          0000000000                                                                  000041
1021903727600017200000260206200016896                         00000000400958145841000000000000000000000000060214022226/400958100000000400958145841170222000000005000023704154  000000000008200000000000000000000000000000000000000000000000000000000000000000000000000000000000000000000000000000000                          0000000000                                                                  000042
1021903727600017200000260206200016896                         00000000600597334082000000000000000000000000060214022226/600597300000000600597334082170222000000000710023704422  000000000008200000000000000000000000000000000000000000000000000000000000000000000000000000000000000000000000000000000                          0000000000                                                                  000043
1021903727600017200000260206200016896                         00000000600635533213000000000000000000000000060214022226/600635500000000600635533213150222000000000119923704143  000000000008200000000000000000000000000000000000000000000000000000000000000000000000000000000000000000000000000000000                          7600000000                                                                  000044
1021903727600017200000260206200016896                         00000000200041495984000000000000000000000000060614022226/200041400000000200041495984170222000000000193126000001  000000000000000000000000000000000000000000000000000000000000000000000000000000000000000193100000000000000000000000000   150222             00000000000000                                                                  000045
1021903727600017200000260206200016896                         00000000200145670745000000000000000000000000060614022226/200145600000000200145670745170222000000000177434100251  000000000000000000000000000000000000000000000000000000000000000000000000000000000000000177400000000000000000000000000   150222             00000000000000                                                                  000046
1021903727600017200000260206200016896                         00000000200213112071000000000000000000000000060614022226/200213100000000200213112071170222000000000630226000001  000000000000000000000000000000000000000000000000000000000000000000000000000000000000000630200000000000000000000000000   150222             00000000000000                                                                  000047
1021903727600017200000260206200016896                         00000000200450913429000000000000000000000000060614022226/200450900000000200450913429170222000000000710032300001  000000000000000000000000000000000000000000000000000000000000000000000000000000000000000710000000000000000000000000000   150222             00000000000000                                                                  000048
1021903727600017200000260206200016896                         00000000200742479460000000000000000000000000060614022226/200742400000000200742479460150222000000000209026000001  000000000000000000000000000000000000000000000000000000000000000000000000000000000000000209000000000000000000000000000   150222             00000000000000                                                                  000049
1021903727600017200000260206200016896                         00000000200998534744000000000000000000000000060614022226/200998500000000200998534744150222000000000335134103913  000000000000000000000000000000000000000000000000000000000000000000000000000000000000000335100000000000000000000000000   150222             00000000000000                                                                  000050
1021903727600017200000260206200016896                         0000000040011711822P000000000000000000000000060614022226/40011710000000040011711822P170222000000012000010403850  000000000000000000000000000000000000000000000000000000000000000000000000000000000000012000000000000000000000000000000   150222             00000000000000                                                                  000051
1021903727600017200000260206200016896                         0000000040016189220P000000000000000000000000060614022226/40016180000000040016189220P170222000000003540075604327  000000000000000000000000000000000000000000000000000000000000000000000000000000000000003540000000000000000000000000000   150222             00000000000000                                                                  000052
1021903727600017200000260206200016896                         0000000040016317052P000000000000000000000000060614022226/40016310000000040016317052P170222000000012000007700001  000000000000000000000000000000000000000000000000000000000000000000000000000000000000012000000000000000000000000000000   150222             00000000000000                                                                  000053
1021903727600017200000260206200016896                         00000000400202292794000000000000000000000000060614022226/400202200000000400202292794170222000000006600026000001  000000000000000000000000000000000000000000000000000000000000000000000000000000000000006600000000000000000000000000000   150222             00000000000000                                                                  000054
1021903727600017200000260206200016896                         00000000400252032602000000000000000000000000060614022226/400252000000000400252032602170222000000001540010401519  000000000000000000000000000000000000000000000000000000000000000000000000000000000000001540000000000000000000000000000   150222             00000000000000                                                                  000055
1021903727600017200000260206200016896                         00000000400306529923000000000000000000000000060614022226/400306500000000400306529923170222000000010000007700001  000000000000000000000000000000000000000000000000000000000000000000000000000000000000010000000000000000000000000000000   150222             00000000000000                                                                  000056
1021903727600017200000260206200016896                         00000000400322389589000000000000000000000000060614022226/400322300000000400322389589140222000000000800065500001  000000000000000000000000000000000000000000000000000000000000000000000000000000000000000800000000000000000000000000000   150222             00000000000000                                                                  000057
1021903727600017200000260206200016896                         00000000400370450443000000000000000000000000060614022226/400370400000000400370450443150222000000001000010400069  000000000000000000000000000000000000000000000000000000000000000000000000000000000000001000000000000000000000000000000   150222             00000000000000                                                                  000058
1021903727600017200000260206200016896                         00000000400388044965000000000000000000000000060614022226/400388000000000400388044965150222000000001500010404354  000000000000000000000000000000000000000000000000000000000000000000000000000000000000001500000000000000000000000000000   150222             00000000000000                                                                  000059
1021903727600017200000260206200016896                         00000000400440822572000000000000000000000000060614022226/400440800000000400440822572170222000000008500026000001  000000000000000000000000000000000000000000000000000000000000000000000000000000000000008500000000000000000000000000000   150222             00000000000000                                                                  000060
1021903727600017200000260206200016896                         00000000400444881611000000000000000000000000060614022226/400444800000000400444881611170222000000004000010400627  000000000000000000000000000000000000000000000000000000000000000000000000000000000000004000000000000000000000000000000   150222             00000000000000                                                                  000061
1021903727600017200000260206200016896                         00000000400489199609000000000000000000000000060614022226/400489100000000400489199609110222000000003760010400422  000000000000000000000000000000000000000000000000000000000000000000000000000000000000003760000000000000000000000000000   150222             00000000000000                                                                  000062
1021903727600017200000260206200016896                         00000000400624324877000000000000000000000000060614022226/400624300000000400624324877170222000000004500075604327  000000000000000000000000000000000000000000000000000000000000000000000000000000000000004500000000000000000000000000000   150222             00000000000000                                                                  000063
1021903727600017200000260206200016896                         0000000040066330848P000000000000000000000000060614022226/40066330000000040066330848P150222000000012000007700001  000000000000000000000000000000000000000000000000000000000000000000000000000000000000012000000000000000000000000000000   150222             00000000000000                                                                  000064
1021903727600017200000260206200016896                         00000000400746157807000000000000000000000000060614022226/400746100000000400746157807170222000000002400000102020  000000000000000000000000000000000000000000000000000000000000000000000000000000000000002400000000000000000000000000000   150222             00000000000000                                                                  000065
1021903727600017200000260206200016896                         00000000400787797039000000000000000000000000060614022226/400787700000000400787797039170222000000099000021200001  000000000000000000000000000000000000000000000000000000000000000000000000000000000000099000000000000000000000000000000   150222             00000000000000                                                                  000066
1021903727600017200000260206200016896                         00000000400849040614000000000000000000000000060614022226/400849000000000400849040614170222000000005000023705304  000000000000000000000000000000000000000000000000000000000000000000000000000000000000005000000000000000000000000000000   150222             00000000000000                                                                  000067
1021903727600017200000260206200016896                         00000000200139959202000000000000000000000000061014022226/200139900000000200139959202131221000000000049923700000  000000000000000000000000000000000000000000000000000000000000000000000000000000000000000000000000000000000000000000000                          1600000000                                                                  000068
1021903727600017200000260206200016896                         00000000200242704778000000000000000000000000061014022226/200242700000000200242704778131221000000001003523700000  000000000000000000000000000000000000000000000000000000000000000000000000000000000000000000000000000000000000000000000                          1600000000                                                                  000069
1021903727600017200000260206200016896                         00000000200680780606000000000000000000000000061014022226/200680700000000200680780606131221000000000500023700000  000000000000000000000000000000000000000000000000000000000000000000000000000000000000000000000000000000000000000000000                          1600000000                                                                  000070
1021903727600017200000260206200016896                         00000000200708403803000000000000000000000000061014022226/200708400000000200708403803131221000000000269923700000  000000000000000000000000000000000000000000000000000000000000000000000000000000000000000000000000000000000000000000000                          1600000000                                                                  000071
1021903727600017200000260206200016896                         00000000200756786293000000000000000000000000061014022226/200756700000000200756786293151221000000000328723700000  000000000000000000000000000000000000000000000000000000000000000000000000000000000000000000000000000000000000000000000                          1600000000                                                                  000072
1021903727600017200000260206200016896                         00000000400010012615000000000000000000000000061014022226/400010000000000400010012615131221000000001500023700000  000000000000000000000000000000000000000000000000000000000000000000000000000000000000000000000000000000000000000000000                          1600000000                                                                  000073
1021903727600017200000260206200016896                         00000000400416542119000000000000000000000000061014022226/400416500000000400416542119141221000000012000023700000  000000000000000000000000000000000000000000000000000000000000000000000000000000000000000000000000000000000000000000000                          1600000000                                                                  000074
1021903727600017200000260206200016896                         00000000400669636543000000000000000000000000061014022226/400669600000000400669636543151221000000002000023700000  000000000000000000000000000000000000000000000000000000000000000000000000000000000000000000000000000000000000000000000                          1600000000                                                                  000075
1021903727600017200000260206200016896                         00000000400813926403000000000000000000000000061014022226/400813900000000400813926403151221000000001200023700000  000000000000000000000000000000000000000000000000000000000000000000000000000000000000000000000000000000000000000000000                          1600000000                                                                  000076
1021903727600017200000260206200016896                         00000000400852242147000000000000000000000000061014022226/400852200000000400852242147141221000000000800023700000  000000000000000000000000000000000000000000000000000000000000000000000000000000000000000000000000000000000000000000000                          1600000000                                                                  000077
1021903727600017200000260206200016896                         00000000600912734760000000000000000000000000061014022226/600912700000000600912734760151221000000000500023700000  000000000000000000000000000000000000000000000000000000000000000000000000000000000000000000000000000000000000000000000                          1600000000                                                                  000078
1021903727600017200000260206200016896                         00000000600951549288000000000000000000000000061014022226/600951500000000600951549288151221000000000500023700000  000000000000000000000000000000000000000000000000000000000000000000000000000000000000000000000000000000000000000000000                          1600000000                                                                  000079
9201237          000003100000001573483000000871          00043000003670569000001903948000230000019039480001200000020652000000000000000000000000000000000000000000000000000000000000000000000                                                                                                                                                                              00000000000000000000000         000080
