02RETORNO01COBRANCA       00000000000005034448E-PREPAG ADMINISTRADORA DE CAR237BRADESCO       1507220160000000975                                                                                                                                                                                                                                                                          180722         000001
1021903727600017200000260206200016896                         00000000200137673557000000000000000000000000060215072226/200137600000000200137673557180722000000000648023704602  000000000000000000000000000000000000000000000000000000000000000000000000000000000000000000000000000000000000000000000                          0000000000                                                                  000002
1021903727600017200000260206200016896                         00000000200388648608000000000000000000000000060215072226/200388600000000200388648608180722000000000504923704426  000000000008200000000000000000000000000000000000000000000000000000000000000000000000000000000000000000000000000000000                          0000000000                                                                  000003
1021903727600017200000260206200016896                         00000000200541707120000000000000000000000000060215072226/200541700000000200541707120180722000000000977223704400  000000000008200000000000000000000000000000000000000000000000000000000000000000000000000000000000000000000000000000000                          7600000000                                                                  000004
1021903727600017200000260206200016896                         00000000200560026479000000000000000000000000060215072226/200560000000000200560026479180722000000000119923704159  000000000008200000000000000000000000000000000000000000000000000000000000000000000000000000000000000000000000000000000                          0000000000                                                                  000005
1021903727600017200000260206200016896                         00000000200601157230000000000000000000000000060215072226/200601100000000200601157230180722000000000977223704424  000000000008200000000000000000000000000000000000000000000000000000000000000000000000000000000000000000000000000000000                          0000000000                                                                  000006
1021903727600017200000260206200016896                         00000000200650497845000000000000000000000000060215072226/200650400000000200650497845180722000000000182823700321  000000000008200000000000000000000000000000000000000000000000000000000000000000000000000000000000000000000000000000000                          0000000000                                                                  000007
1021903727600017200000260206200016896                         00000000200982522665000000000000000000000000060215072226/200982500000000200982522665180722000000001628123704159  000000000008200000000000000000000000000000000000000000000000000000000000000000000000000000000000000000000000000000000                          0000000000                                                                  000008
1021903727600017200000260206200016896                         00000000400122406209000000000000000000000000060215072226/400122400000000400122406209180722000000000800023700320  000000000008200000000000000000000000000000000000000000000000000000000000000000000000000000000000000000000000000000000                          0000000000                                                                  000009
1021903727600017200000260206200016896                         00000000400153429746000000000000000000000000060215072226/400153400000000400153429746180722000000013000023704157  000000000008200000000000000000000000000000000000000000000000000000000000000000000000000000000000000000000000000000000                          0000000000                                                                  000010
1021903727600017200000260206200016896                         00000000400177100222000000000000000000000000060215072226/400177100000000400177100222180722000000000800023703162  000000000008200000000000000000000000000000000000000000000000000000000000000000000000000000000000000000000000000000000                          0000000000                                                                  000011
1021903727600017200000260206200016896                         0000000040031414190P000000000000000000000000060215072226/40031410000000040031414190P180722000000001700023704159  000000000008200000000000000000000000000000000000000000000000000000000000000000000000000000000000000000000000000000000                          0000000000                                                                  000012
1021903727600017200000260206200016896                         00000000400363774659000000000000000000000000060215072226/400363700000000400363774659180722000000003000023704159  000000000008200000000000000000000000000000000000000000000000000000000000000000000000000000000000000000000000000000000                          0000000000                                                                  000013
1021903727600017200000260206200016896                         00000000400761442380000000000000000000000000060215072226/400761400000000400761442380180722000000001000023704452  000000000008200000000000000000000000000000000000000000000000000000000000000000000000000000000000000000000000000000000                          0000000000                                                                  000014
1021903727600017200000260206200016896                         00000000200541707120000000000000000000000000060615072226/200541700000000200541707120180722000000000977226000001  000000000000000000000000000000000000000000000000000000000000000000000000000000000000000977200000000000000000000000000   180722             00000000000000                                                                  000015
1021903727600017200000260206200016896                         00000000200650497845000000000000000000000000060615072226/200650400000000200650497845180722000000000182865500001  000000000000000000000000000000000000000000000000000000000000000000000000000000000000000182800000000000000000000000000   180722             00000000000000                                                                  000016
1021903727600017200000260206200016896                         00000000400122406209000000000000000000000000060615072226/400122400000000400122406209180722000000000800075604327  000000000000000000000000000000000000000000000000000000000000000000000000000000000000000800000000000000000000000000000   180722             00000000000000                                                                  000017
1021903727600017200000260206200016896                         00000000400153429746000000000000000000000000060615072226/400153400000000400153429746180722000000013000023703929  000000000000000000000000000000000000000000000000000000000000000000000000000000000000013000000000000000000000000000000   180722             00000000000000                                                                  000018
1021903727600017200000260206200016896                         00000000400177100222000000000000000000000000060615072226/400177100000000400177100222180722000000000800021200001  000000000000000000000000000000000000000000000000000000000000000000000000000000000000000800000000000000000000000000000   180722             00000000000000                                                                  000019
1021903727600017200000260206200016896                         0000000040031414190P000000000000000000000000060615072226/40031410000000040031414190P180722000000001700075604327  000000000000000000000000000000000000000000000000000000000000000000000000000000000000001700000000000000000000000000000   180722             00000000000000                                                                  000020
1021903727600017200000260206200016896                         00000000400363774659000000000000000000000000060615072226/400363700000000400363774659180722000000003000003300773  000000000000000000000000000000000000000000000000000000000000000000000000000000000000003000000000000000000000000000000   180722             00000000000000                                                                  000021
1021903727600017200000260206200016896                         00000000200129419064000000000000000000000000061015072226/200129400000000200129419064150522000000000924823700000  000000000000000000000000000000000000000000000000000000000000000000000000000000000000000000000000000000000000000000000                          1600000000                                                                  000022
1021903727600017200000260206200016896                         00000000400433487520000000000000000000000000061015072226/400433400000000400433487520150522000000001000023700000  000000000000000000000000000000000000000000000000000000000000000000000000000000000000000000000000000000000000000000000                          1600000000                                                                  000023
1021903727600017200000260206200016896                         00000000400586172464000000000000000000000000061015072226/400586100000000400586172464150522000000009500023700000  000000000000000000000000000000000000000000000000000000000000000000000000000000000000000000000000000000000000000000000                          1600000000                                                                  000024
9201237          000001590000000648482400000975          00013000000253381000000204600000070000002046000000300000011424800000000000000000000000000000000000000000000000000000000000000000000                                                                                                                                                                              00000000000000000000000         000025
