02RETORNO01COBRANCA       00000000000005034448E-PREPAG ADMINISTRADORA DE CAR237BRADESCO       1510210160000000788                                                                                                                                                                                                                                                                          181021         000001
1021903727600017200000260206200016896                         00000000200341272324000000000000000000000000060215102126/200341200000000200341272324181021000000000551223704158  000000000008200000000000000000000000000000000000000000000000000000000000000000000000000000000000000000000000000000000                          7600000000                                                                  000002
1021903727600017200000260206200016896                         00000000200399001355000000000000000000000000060215102126/200399000000000200399001355181021000000001250023700140  000000000008200000000000000000000000000000000000000000000000000000000000000000000000000000000000000000000000000000000                          0000000000                                                                  000003
1021903727600017200000260206200016896                         00000000200480359531000000000000000000000000060215102126/200480300000000200480359531181021000000000319923704400  000000000008200000000000000000000000000000000000000000000000000000000000000000000000000000000000000000000000000000000                          0000000000                                                                  000004
1021903727600017200000260206200016896                         00000000200651205228000000000000000000000000060215102126/200651200000000200651205228181021000000000219923704151  000000000008200000000000000000000000000000000000000000000000000000000000000000000000000000000000000000000000000000000                          0000000000                                                                  000005
1021903727600017200000260206200016896                         00000000200833901823000000000000000000000000060215102126/200833900000000200833901823181021000000000715923704143  000000000008200000000000000000000000000000000000000000000000000000000000000000000000000000000000000000000000000000000                          0000000000                                                                  000006
1021903727600017200000260206200016896                         00000000200941039909000000000000000000000000060215102126/200941000000000200941039909181021000000000551223704158  000000000008200000000000000000000000000000000000000000000000000000000000000000000000000000000000000000000000000000000                          7600000000                                                                  000007
1021903727600017200000260206200016896                         00000000400088933415000000000000000000000000060215102126/400088900000000400088933415181021000000001700023704143  000000000008200000000000000000000000000000000000000000000000000000000000000000000000000000000000000000000000000000000                          0000000000                                                                  000008
1021903727600017200000260206200016896                         00000000400143448939000000000000000000000000060215102126/400143400000000400143448939181021000000003720023704154  000000000008200000000000000000000000000000000000000000000000000000000000000000000000000000000000000000000000000000000                          0000000000                                                                  000009
1021903727600017200000260206200016896                         0000000040015723060P000000000000000000000000060215102126/40015720000000040015723060P181021000000099000023704151  000000000008200000000000000000000000000000000000000000000000000000000000000000000000000000000000000000000000000000000                          7600000000                                                                  000010
1021903727600017200000260206200016896                         00000000400191450104000000000000000000000000060215102126/400191400000000400191450104181021000000008000023704157  000000000008200000000000000000000000000000000000000000000000000000000000000000000000000000000000000000000000000000000                          0000000000                                                                  000011
1021903727600017200000260206200016896                         00000000400221539091000000000000000000000000060215102126/400221500000000400221539091181021000000008000023702062  000000000008200000000000000000000000000000000000000000000000000000000000000000000000000000000000000000000000000000000                          0000000000                                                                  000012
1021903727600017200000260206200016896                         00000000400331009063000000000000000000000000060215102126/400331000000000400331009063181021000000004850023704154  000000000008200000000000000000000000000000000000000000000000000000000000000000000000000000000000000000000000000000000                          0000000000                                                                  000013
1021903727600017200000260206200016896                         00000000400347662034000000000000000000000000060215102126/400347600000000400347662034181021000000006000023704143  000000000008200000000000000000000000000000000000000000000000000000000000000000000000000000000000000000000000000000000                          0000000000                                                                  000014
1021903727600017200000260206200016896                         00000000400395658634000000000000000000000000060215102126/400395600000000400395658634181021000000002000023704158  000000000008200000000000000000000000000000000000000000000000000000000000000000000000000000000000000000000000000000000                          0000000000                                                                  000015
1021903727600017200000260206200016896                         00000000400403260475000000000000000000000000060215102126/400403200000000400403260475181021000000100000023704143  000000000008200000000000000000000000000000000000000000000000000000000000000000000000000000000000000000000000000000000                          0000000000                                                                  000016
1021903727600017200000260206200016896                         00000000400408163443000000000000000000000000060215102126/400408100000000400408163443181021000000002000023700140  000000000008200000000000000000000000000000000000000000000000000000000000000000000000000000000000000000000000000000000                          0000000000                                                                  000017
1021903727600017200000260206200016896                         00000000400418303707000000000000000000000000060215102126/400418300000000400418303707181021000000012000023703109  000000000008200000000000000000000000000000000000000000000000000000000000000000000000000000000000000000000000000000000                          0000000000                                                                  000018
1021903727600017200000260206200016896                         00000000400420436943000000000000000000000000060215102126/400420400000000400420436943181021000000008000023704159  000000000008200000000000000000000000000000000000000000000000000000000000000000000000000000000000000000000000000000000                          0000000000                                                                  000019
1021903727600017200000260206200016896                         00000000400423295100000000000000000000000000060215102126/400423200000000400423295100181021000000002000023704143  000000000008200000000000000000000000000000000000000000000000000000000000000000000000000000000000000000000000000000000                          7600000000                                                                  000020
1021903727600017200000260206200016896                         00000000400510698882000000000000000000000000060215102126/400510600000000400510698882181021000000000800023704151  000000000008200000000000000000000000000000000000000000000000000000000000000000000000000000000000000000000000000000000                          0000000000                                                                  000021
1021903727600017200000260206200016896                         0000000040051139514P000000000000000000000000060215102126/40051130000000040051139514P181021000000001500023704452  000000000008200000000000000000000000000000000000000000000000000000000000000000000000000000000000000000000000000000000                          0000000000                                                                  000022
1021903727600017200000260206200016896                         00000000400517435089000000000000000000000000060215102126/400517400000000400517435089181021000000001500023704143  000000000008200000000000000000000000000000000000000000000000000000000000000000000000000000000000000000000000000000000                          0000000000                                                                  000023
1021903727600017200000260206200016896                         00000000400544718653000000000000000000000000060215102126/400544700000000400544718653181021000000000800023704424  000000000008200000000000000000000000000000000000000000000000000000000000000000000000000000000000000000000000000000000                          0000000000                                                                  000024
1021903727600017200000260206200016896                         0000000040055524579P000000000000000000000000060215102126/40055520000000040055524579P181021000000012000023700153  000000000008200000000000000000000000000000000000000000000000000000000000000000000000000000000000000000000000000000000                          0000000000                                                                  000025
1021903727600017200000260206200016896                         00000000400606604374000000000000000000000000060215102126/400606600000000400606604374181021000000000800023704159  000000000008200000000000000000000000000000000000000000000000000000000000000000000000000000000000000000000000000000000                          0000000000                                                                  000026
1021903727600017200000260206200016896                         00000000400606918271000000000000000000000000060215102126/400606900000000400606918271181021000000001990023703162  000000000008200000000000000000000000000000000000000000000000000000000000000000000000000000000000000000000000000000000                          0000000000                                                                  000027
1021903727600017200000260206200016896                         00000000400615712627000000000000000000000000060215102126/400615700000000400615712627181021000000008000023704452  000000000008200000000000000000000000000000000000000000000000000000000000000000000000000000000000000000000000000000000                          0000000000                                                                  000028
1021903727600017200000260206200016896                         00000000400669321704000000000000000000000000060215102126/400669300000000400669321704181021000000012000023704158  000000000008200000000000000000000000000000000000000000000000000000000000000000000000000000000000000000000000000000000                          0000000000                                                                  000029
1021903727600017200000260206200016896                         00000000400731506287000000000000000000000000060215102126/400731500000000400731506287181021000000011990023704151  000000000008200000000000000000000000000000000000000000000000000000000000000000000000000000000000000000000000000000000                          0000000000                                                                  000030
1021903727600017200000260206200016896                         0000000040073347272P000000000000000000000000060215102126/40073340000000040073347272P181021000000002140023704159  000000000008200000000000000000000000000000000000000000000000000000000000000000000000000000000000000000000000000000000                          0000000000                                                                  000031
1021903727600017200000260206200016896                         00000000400809821788000000000000000000000000060215102126/400809800000000400809821788181021000000005000023704159  000000000008200000000000000000000000000000000000000000000000000000000000000000000000000000000000000000000000000000000                          0000000000                                                                  000032
1021903727600017200000260206200016896                         00000000400839637523000000000000000000000000060215102126/400839600000000400839637523181021000000016000023704157  000000000008200000000000000000000000000000000000000000000000000000000000000000000000000000000000000000000000000000000                          0000000000                                                                  000033
1021903727600017200000260206200016896                         00000000400944636605000000000000000000000000060215102126/400944600000000400944636605181021000000009800023704154  000000000008200000000000000000000000000000000000000000000000000000000000000000000000000000000000000000000000000000000                          0000000000                                                                  000034
1021903727600017200000260206200016896                         00000000600179708146000000000000000000000000060215102126/600179700000000600179708146181021000000000069923704422  000000000008200000000000000000000000000000000000000000000000000000000000000000000000000000000000000000000000000000000                          7600000000                                                                  000035
1021903727600017200000260206200016896                         00000000200399001355000000000000000000000000060615102126/200399000000000200399001355181021000000001250010404374  000000000000000000000000000000000000000000000000000000000000000000000000000000000000001250000000000000000000000000000   181021             00000000000000                                                                  000036
1021903727600017200000260206200016896                         00000000200480359531000000000000000000000000060615102126/200480300000000200480359531181021000000000319934103767  000000000000000000000000000000000000000000000000000000000000000000000000000000000000000319900000000000000000000000000   181021             00000000000000                                                                  000037
1021903727600017200000260206200016896                         00000000200833901823000000000000000000000000060615102126/200833900000000200833901823181021000000000715975602788  000000000000000000000000000000000000000000000000000000000000000000000000000000000000000715900000000000000000000000000   181021             00000000000000                                                                  000038
1021903727600017200000260206200016896                         00000000400088933415000000000000000000000000060615102126/400088900000000400088933415181021000000001700008501071  000000000000000000000000000000000000000000000000000000000000000000000000000000000000001700000000000000000000000000000   181021             00000000000000                                                                  000039
1021903727600017200000260206200016896                         00000000400115301868000000000000000000000000060615102126/400115300000000400115301868171021000000000800065500001  000000000000000000000000000000000000000000000000000000000000000000000000000000000000000800000000000000000000000000000   181021             00000000000000                                                                  000040
1021903727600017200000260206200016896                         0000000040015723060P000000000000000000000000060615102126/40015720000000040015723060P181021000000099000063300001  000000000000000000000000000000000000000000000000000000000000000000000000000000000000099000000000000000000000000000000   181021             00000000000000                                                                  000041
1021903727600017200000260206200016896                         00000000400191450104000000000000000000000000060615102126/400191400000000400191450104181021000000008000026000001  000000000000000000000000000000000000000000000000000000000000000000000000000000000000008000000000000000000000000000000   181021             00000000000000                                                                  000042
1021903727600017200000260206200016896                         00000000400347662034000000000000000000000000060615102126/400347600000000400347662034181021000000006000010403130  000000000000000000000000000000000000000000000000000000000000000000000000000000000000006000000000000000000000000000000   181021             00000000000000                                                                  000043
1021903727600017200000260206200016896                         00000000400395658634000000000000000000000000060615102126/400395600000000400395658634181021000000002000023700365  000000000000000000000000000000000000000000000000000000000000000000000000000000000000002000000000000000000000000000000   181021             00000000000000                                                                  000044
1021903727600017200000260206200016896                         00000000400408163443000000000000000000000000060615102126/400408100000000400408163443181021000000002000010403136  000000000000000000000000000000000000000000000000000000000000000000000000000000000000002000000000000000000000000000000   181021             00000000000000                                                                  000045
1021903727600017200000260206200016896                         00000000400418303707000000000000000000000000060615102126/400418300000000400418303707181021000000012000023701514  000000000000000000000000000000000000000000000000000000000000000000000000000000000000012000000000000000000000000000000   181021             00000000000000                                                                  000046
1021903727600017200000260206200016896                         00000000400420436943000000000000000000000000060615102126/400420400000000400420436943181021000000008000075601098  000000000000000000000000000000000000000000000000000000000000000000000000000000000000008000000000000000000000000000000   181021             00000000000000                                                                  000047
1021903727600017200000260206200016896                         00000000400423295100000000000000000000000000060615102126/400423200000000400423295100181021000000002000023702151  000000000000000000000000000000000000000000000000000000000000000000000000000000000000002000000000000000000000000000000   181021             00000000000000                                                                  000048
1021903727600017200000260206200016896                         00000000400510698882000000000000000000000000060615102126/400510600000000400510698882181021000000000800063300001  000000000000000000000000000000000000000000000000000000000000000000000000000000000000000800000000000000000000000000000   181021             00000000000000                                                                  000049
1021903727600017200000260206200016896                         00000000400517435089000000000000000000000000060615102126/400517400000000400517435089181021000000001500010404692  000000000000000000000000000000000000000000000000000000000000000000000000000000000000001500000000000000000000000000000   181021             00000000000000                                                                  000050
1021903727600017200000260206200016896                         00000000400544718653000000000000000000000000060615102126/400544700000000400544718653181021000000000800065500001  000000000000000000000000000000000000000000000000000000000000000000000000000000000000000800000000000000000000000000000   181021             00000000000000                                                                  000051
1021903727600017200000260206200016896                         0000000040055524579P000000000000000000000000060615102126/40055520000000040055524579P181021000000012000010401825  000000000000000000000000000000000000000000000000000000000000000000000000000000000000012000000000000000000000000000000   181021             00000000000000                                                                  000052
1021903727600017200000260206200016896                         00000000400606604374000000000000000000000000060615102126/400606600000000400606604374181021000000000800075604327  000000000000000000000000000000000000000000000000000000000000000000000000000000000000000800000000000000000000000000000   181021             00000000000000                                                                  000053
1021903727600017200000260206200016896                         00000000400606918271000000000000000000000000060615102126/400606900000000400606918271181021000000001990021200001  000000000000000000000000000000000000000000000000000000000000000000000000000000000000001990000000000000000000000000000   181021             00000000000000                                                                  000054
1021903727600017200000260206200016896                         00000000400615712627000000000000000000000000060615102126/400615700000000400615712627181021000000008000000101292  000000000000000000000000000000000000000000000000000000000000000000000000000000000000008000000000000000000000000000000   181021             00000000000000                                                                  000055
1021903727600017200000260206200016896                         00000000400625949846000000000000000000000000060615102126/400625900000000400625949846171021000000007000010400142  000000000000000000000000000000000000000000000000000000000000000000000000000000000000007000000000000000000000000000000   181021             00000000000000                                                                  000056
1021903727600017200000260206200016896                         00000000400669321704000000000000000000000000060615102126/400669300000000400669321704181021000000012000023700048  000000000000000000000000000000000000000000000000000000000000000000000000000000000000012000000000000000000000000000000   181021             00000000000000                                                                  000057
1021903727600017200000260206200016896                         00000000400731506287000000000000000000000000060615102126/400731500000000400731506287181021000000011990010400977  000000000000000000000000000000000000000000000000000000000000000000000000000000000000011990000000000000000000000000000   181021             00000000000000                                                                  000058
1021903727600017200000260206200016896                         0000000040073347272P000000000000000000000000060615102126/40073340000000040073347272P181021000000002140075604327  000000000000000000000000000000000000000000000000000000000000000000000000000000000000002140000000000000000000000000000   181021             00000000000000                                                                  000059
1021903727600017200000260206200016896                         00000000400809821788000000000000000000000000060615102126/400809800000000400809821788181021000000005000000100922  000000000000000000000000000000000000000000000000000000000000000000000000000000000000005000000000000000000000000000000   181021             00000000000000                                                                  000060
1021903727600017200000260206200016896                         00000000400839637523000000000000000000000000060615102126/400839600000000400839637523181021000000016000023700424  000000000000000000000000000000000000000000000000000000000000000000000000000000000000016000000000000000000000000000000   181021             00000000000000                                                                  000061
1021903727600017200000260206200016896                         00000000400944636605000000000000000000000000060615102126/400944600000000400944636605181021000000009800010400721  000000000000000000000000000000000000000000000000000000000000000000000000000000000000009800000000000000000000000000000   181021             00000000000000                                                                  000062
1021903727600017200000260206200016896                         00000000200860848799000000000000000000000000061015102126/200860800000000200860848799150821000000000939023700000  000000000000000000000000000000000000000000000000000000000000000000000000000000000000000000000000000000000000000000000                          1600000000                                                                  000063
9201237          000006270000001831367000000788          00034000003452680000002336058000270000023360580000100000000939000000000000000000000000000000000000000000000000000000000000000000000                                                                                                                                                                              00000000000000000000000         000064
