02RETORNO01COBRANCA       00000000000005034448E-PREPAG ADMINISTRADORA DE CAR237BRADESCO       1512210160000000829                                                                                                                                                                                                                                                                          161221         000001
1021903727600017200000260206200016896                         00000000200085055795000000000000000000000000060215122126/200085000000000200085055795181221000000000361423704452  000000000008200000000000000000000000000000000000000000000000000000000000000000000000000000000000000000000000000000000                          0000000000                                                                  000002
1021903727600017200000260206200016896                         00000000200435120919000000000000000000000000060215122126/200435100000000200435120919181221000000000568823704151  000000000000000000000000000000000000000000000000000000000000000000000000000000000000000000000000000000000000000000000                          7600000000                                                                  000003
1021903727600017200000260206200016896                         00000000200657475723000000000000000000000000060215122126/200657400000000200657475723181221000000000512423704424  000000000008200000000000000000000000000000000000000000000000000000000000000000000000000000000000000000000000000000000                          0000000000                                                                  000004
1021903727600017200000260206200016896                         00000000400087646854000000000000000000000000060215122126/400087600000000400087646854181221000000000800023704422  000000000008200000000000000000000000000000000000000000000000000000000000000000000000000000000000000000000000000000000                          0000000000                                                                  000005
1021903727600017200000260206200016896                         00000000400177563842000000000000000000000000060215122126/400177500000000400177563842181221000000099000023704151  000000000008200000000000000000000000000000000000000000000000000000000000000000000000000000000000000000000000000000000                          7600000000                                                                  000006
1021903727600017200000260206200016896                         00000000400215243687000000000000000000000000060215122126/400215200000000400215243687181221000000000800023704422  000000000008200000000000000000000000000000000000000000000000000000000000000000000000000000000000000000000000000000000                          0000000000                                                                  000007
1021903727600017200000260206200016896                         0000000040025384807P000000000000000000000000060215122126/40025380000000040025384807P181221000000006000023704152  000000000008200000000000000000000000000000000000000000000000000000000000000000000000000000000000000000000000000000000                          0000000000                                                                  000008
1021903727600017200000260206200016896                         00000000400257988143000000000000000000000000060215122126/400257900000000400257988143181221000000000800023704452  000000000008200000000000000000000000000000000000000000000000000000000000000000000000000000000000000000000000000000000                          0000000000                                                                  000009
1021903727600017200000260206200016896                         00000000400258827232000000000000000000000000060215122126/400258800000000400258827232181221000000000800023704422  000000000008200000000000000000000000000000000000000000000000000000000000000000000000000000000000000000000000000000000                          0000000000                                                                  000010
1021903727600017200000260206200016896                         00000000400259963415000000000000000000000000060215122126/400259900000000400259963415181221000000001000023704452  000000000008200000000000000000000000000000000000000000000000000000000000000000000000000000000000000000000000000000000                          0000000000                                                                  000011
1021903727600017200000260206200016896                         00000000400281533025000000000000000000000000060215122126/400281500000000400281533025181221000000000800023704422  000000000008200000000000000000000000000000000000000000000000000000000000000000000000000000000000000000000000000000000                          0000000000                                                                  000012
1021903727600017200000260206200016896                         00000000400312009869000000000000000000000000060215122126/400312000000000400312009869181221000000003000023704452  000000000008200000000000000000000000000000000000000000000000000000000000000000000000000000000000000000000000000000000                          0000000000                                                                  000013
1021903727600017200000260206200016896                         0000000040035410697P000000000000000000000000060215122126/40035410000000040035410697P181221000000000800023704422  000000000008200000000000000000000000000000000000000000000000000000000000000000000000000000000000000000000000000000000                          0000000000                                                                  000014
1021903727600017200000260206200016896                         00000000400397402823000000000000000000000000060215122126/400397400000000400397402823181221000000008500023704154  000000000008200000000000000000000000000000000000000000000000000000000000000000000000000000000000000000000000000000000                          0000000000                                                                  000015
1021903727600017200000260206200016896                         00000000400424778113000000000000000000000000060215122126/400424700000000400424778113181221000000000800023704422  000000000008200000000000000000000000000000000000000000000000000000000000000000000000000000000000000000000000000000000                          0000000000                                                                  000016
1021903727600017200000260206200016896                         00000000400428076636000000000000000000000000060215122126/400428000000000400428076636181221000000001600023704158  000000000008200000000000000000000000000000000000000000000000000000000000000000000000000000000000000000000000000000000                          0000000000                                                                  000017
1021903727600017200000260206200016896                         00000000400572838044000000000000000000000000060215122126/400572800000000400572838044181221000000003220023704159  000000000008200000000000000000000000000000000000000000000000000000000000000000000000000000000000000000000000000000000                          0000000000                                                                  000018
1021903727600017200000260206200016896                         00000000400595478061000000000000000000000000060215122126/400595400000000400595478061181221000000003690023704154  000000000008200000000000000000000000000000000000000000000000000000000000000000000000000000000000000000000000000000000                          0000000000                                                                  000019
1021903727600017200000260206200016896                         00000000400698698388000000000000000000000000060215122126/400698600000000400698698388181221000000006000023704144  000000000008200000000000000000000000000000000000000000000000000000000000000000000000000000000000000000000000000000000                          0000000000                                                                  000020
1021903727600017200000260206200016896                         00000000400866547935000000000000000000000000060215122126/400866500000000400866547935181221000000007000023704452  000000000008200000000000000000000000000000000000000000000000000000000000000000000000000000000000000000000000000000000                          0000000000                                                                  000021
1021903727600017200000260206200016896                         00000000400972574208000000000000000000000000060215122126/400972500000000400972574208181221000000150000023704428  000000000008200000000000000000000000000000000000000000000000000000000000000000000000000000000000000000000000000000000                          7600000000                                                                  000022
1021903727600017200000260206200016896                         00000000400997923312000000000000000000000000060215122126/400997900000000400997923312181221000000002200023704159  000000000008200000000000000000000000000000000000000000000000000000000000000000000000000000000000000000000000000000000                          0000000000                                                                  000023
1021903727600017200000260206200016896                         00000000400769185662000000000000000000000000060315122126/400769100000000400769185662171221000000005000023704159  000000000000000000000000000000000000000000000000000000000000000000000000000000000000000000000000000000000000000000000                          0900000000                                                                  000024
1021903727600017200000260206200016896                         00000000200696771267000000000000000000000000060615122126/200696700000000200696771267171221000000001020326000001  000000000000000000000000000000000000000000000000000000000000000000000000000000000000001020300000000000000000000000000   161221             00000000000000                                                                  000025
1021903727600017200000260206200016896                         00000000200743746241000000000000000000000000060615122126/200743700000000200743746241151221000000000328710400556  000000000000000000000000000000000000000000000000000000000000000000000000000000000000000328700000000000000000000000000   161221             00000000000000                                                                  000026
1021903727600017200000260206200016896                         00000000400087646854000000000000000000000000060615122126/400087600000000400087646854181221000000000800065500001  000000000000000000000000000000000000000000000000000000000000000000000000000000000000000800000000000000000000000000000   161221             00000000000000                                                                  000027
1021903727600017200000260206200016896                         00000000400177563842000000000000000000000000060615122126/400177500000000400177563842181221000000099000033600001  000000000000000000000000000000000000000000000000000000000000000000000000000000000000099000000000000000000000000000000   161221             00000000000000                                                                  000028
1021903727600017200000260206200016896                         00000000400215243687000000000000000000000000060615122126/400215200000000400215243687181221000000000800065500001  000000000000000000000000000000000000000000000000000000000000000000000000000000000000000800000000000000000000000000000   161221             00000000000000                                                                  000029
1021903727600017200000260206200016896                         0000000040025384807P000000000000000000000000060615122126/40025380000000040025384807P181221000000006000007700001  000000000000000000000000000000000000000000000000000000000000000000000000000000000000006000000000000000000000000000000   161221             00000000000000                                                                  000030
1021903727600017200000260206200016896                         00000000400257988143000000000000000000000000060615122126/400257900000000400257988143181221000000000800021200001  000000000000000000000000000000000000000000000000000000000000000000000000000000000000000800000000000000000000000000000   161221             00000000000000                                                                  000031
1021903727600017200000260206200016896                         00000000400258827232000000000000000000000000060615122126/400258800000000400258827232181221000000000800065500001  000000000000000000000000000000000000000000000000000000000000000000000000000000000000000800000000000000000000000000000   161221             00000000000000                                                                  000032
1021903727600017200000260206200016896                         00000000400259963415000000000000000000000000060615122126/400259900000000400259963415181221000000001000021200001  000000000000000000000000000000000000000000000000000000000000000000000000000000000000001000000000000000000000000000000   161221             00000000000000                                                                  000033
1021903727600017200000260206200016896                         00000000400281533025000000000000000000000000060615122126/400281500000000400281533025181221000000000800065500001  000000000000000000000000000000000000000000000000000000000000000000000000000000000000000800000000000000000000000000000   161221             00000000000000                                                                  000034
1021903727600017200000260206200016896                         0000000040034520912P000000000000000000000000060615122126/40034520000000040034520912P161221000000000800075600259  000000000000000000000000000000000000000000000000000000000000000000000000000000000000000800000000000000000000000000000   161221             00000000000000                                                                  000035
1021903727600017200000260206200016896                         0000000040035410697P000000000000000000000000060615122126/40035410000000040035410697P181221000000000800065500001  000000000000000000000000000000000000000000000000000000000000000000000000000000000000000800000000000000000000000000000   161221             00000000000000                                                                  000036
1021903727600017200000260206200016896                         00000000400382143570000000000000000000000000060615122126/400382100000000400382143570171221000000012000010400718  000000000000000000000000000000000000000000000000000000000000000000000000000000000000012000000000000000000000000000000   161221             00000000000000                                                                  000037
1021903727600017200000260206200016896                         00000000400397402823000000000000000000000000060615122126/400397400000000400397402823181221000000008500010400721  000000000000000000000000000000000000000000000000000000000000000000000000000000000000008500000000000000000000000000000   161221             00000000000000                                                                  000038
1021903727600017200000260206200016896                         00000000400424778113000000000000000000000000060615122126/400424700000000400424778113181221000000000800065500001  000000000000000000000000000000000000000000000000000000000000000000000000000000000000000800000000000000000000000000000   161221             00000000000000                                                                  000039
1021903727600017200000260206200016896                         00000000400428076636000000000000000000000000060615122126/400428000000000400428076636181221000000001600000102020  000000000000000000000000000000000000000000000000000000000000000000000000000000000000001600000000000000000000000000000   161221             00000000000000                                                                  000040
1021903727600017200000260206200016896                         00000000400572838044000000000000000000000000060615122126/400572800000000400572838044181221000000003220075604327  000000000000000000000000000000000000000000000000000000000000000000000000000000000000003220000000000000000000000000000   161221             00000000000000                                                                  000041
1021903727600017200000260206200016896                         00000000400608255881000000000000000000000000060615122126/400608200000000400608255881171221000000000800063300001  000000000000000000000000000000000000000000000000000000000000000000000000000000000000000800000000000000000000000000000   161221             00000000000000                                                                  000042
1021903727600017200000260206200016896                         00000000400698698388000000000000000000000000060615122126/400698600000000400698698388181221000000006000010400397  000000000000000000000000000000000000000000000000000000000000000000000000000000000000006000000000000000000000000000000   161221             00000000000000                                                                  000043
1021903727600017200000260206200016896                         00000000400745703034000000000000000000000000060615122126/400745700000000400745703034171221000000005870010400422  000000000000000000000000000000000000000000000000000000000000000000000000000000000000005870000000000000000000000000000   161221             00000000000000                                                                  000044
1021903727600017200000260206200016896                         0000000040090241680P000000000000000000000000061015122126/40090240000000040090241680P151021000000000800023700000  000000000000000000000000000000000000000000000000000000000000000000000000000000000000000000000000000000000000000000000                          1600000000                                                                  000045
9201237          000003780000000926260900000829          00022000002982526000001517390000200000015173900000100000000800000000000000000000000000000000000000000000000000000000000000000000000                                                                                                                                                                              00000000000000000000000         000046
