02RETORNO01COBRANCA       00000000000005034448E-PREPAG ADMINISTRADORA DE CAR237BRADESCO       1509210160000000767                                                                                                                                                                                                                                                                          160921         000001
1021903727600017200000260206200016896                         00000000100031382095000000000000000000000000060215092126/100031300000000100031382095160921000000001237623704400  000000000008200000000000000000000000000000000000000000000000000000000000000000000000000000000000000000000000000000000                          0000000000                                                                  000002
1021903727600017200000260206200016896                         00000000200123418163000000000000000000000000060215092126/200123400000000200123418163180921000000000319923704452  000000000008200000000000000000000000000000000000000000000000000000000000000000000000000000000000000000000000000000000                          7600000000                                                                  000003
1021903727600017200000260206200016896                         00000000200283954401000000000000000000000000060215092126/200283900000000200283954401180921000000000308523704424  000000000008200000000000000000000000000000000000000000000000000000000000000000000000000000000000000000000000000000000                          0000000000                                                                  000004
1021903727600017200000260206200016896                         00000000200810963260000000000000000000000000060215092126/200810900000000200810963260180921000000000334123702062  000000000000000000000000000000000000000000000000000000000000000000000000000000000000000000000000000000000000000000000                          7600000000                                                                  000005
1021903727600017200000260206200016896                         00000000200895399431000000000000000000000000060215092126/200895300000000200895399431180921000000000681523704152  000000000008200000000000000000000000000000000000000000000000000000000000000000000000000000000000000000000000000000000                          0000000000                                                                  000006
1021903727600017200000260206200016896                         0000000020091120087P000000000000000000000000060215092126/20091120000000020091120087P180921000000000271723700321  000000000008200000000000000000000000000000000000000000000000000000000000000000000000000000000000000000000000000000000                          0000000000                                                                  000007
1021903727600017200000260206200016896                         00000000200996286808000000000000000000000000060215092126/200996200000000200996286808180921000000000192923704151  000000000008200000000000000000000000000000000000000000000000000000000000000000000000000000000000000000000000000000000                          0000000000                                                                  000008
1021903727600017200000260206200016896                         0000000020099987929P000000000000000000000000060215092126/20099980000000020099987929P180921000000000049923704143  000000000008200000000000000000000000000000000000000000000000000000000000000000000000000000000000000000000000000000000                          7600000000                                                                  000009
1021903727600017200000260206200016896                         00000000400000346795000000000000000000000000060215092126/400000300000000400000346795180921000000007350023704154  000000000008200000000000000000000000000000000000000000000000000000000000000000000000000000000000000000000000000000000                          0000000000                                                                  000010
1021903727600017200000260206200016896                         0000000040010312135P000000000000000000000000060215092126/40010310000000040010312135P180921000000001500023704158  000000000008200000000000000000000000000000000000000000000000000000000000000000000000000000000000000000000000000000000                          0000000000                                                                  000011
1021903727600017200000260206200016896                         00000000400117578565000000000000000000000000060215092126/400117500000000400117578565180921000000015000023704157  000000000008200000000000000000000000000000000000000000000000000000000000000000000000000000000000000000000000000000000                          0000000000                                                                  000012
1021903727600017200000260206200016896                         00000000400118697630000000000000000000000000060215092126/400118600000000400118697630180921000000012000023704422  000000000008200000000000000000000000000000000000000000000000000000000000000000000000000000000000000000000000000000000                          0000000000                                                                  000013
1021903727600017200000260206200016896                         0000000040011987854P000000000000000000000000060215092126/40011980000000040011987854P180921000000000810023704602  000000000008200000000000000000000000000000000000000000000000000000000000000000000000000000000000000000000000000000000                          7600000000                                                                  000014
1021903727600017200000260206200016896                         00000000400120352721000000000000000000000000060215092126/400120300000000400120352721180921000000002000023700389  000000000008200000000000000000000000000000000000000000000000000000000000000000000000000000000000000000000000000000000                          0000000000                                                                  000015
1021903727600017200000260206200016896                         00000000400123291529000000000000000000000000060215092126/400123200000000400123291529180921000000003320023704154  000000000008200000000000000000000000000000000000000000000000000000000000000000000000000000000000000000000000000000000                          0000000000                                                                  000016
1021903727600017200000260206200016896                         00000000400132972458000000000000000000000000060215092126/400132900000000400132972458180921000000000800023704159  000000000008200000000000000000000000000000000000000000000000000000000000000000000000000000000000000000000000000000000                          0000000000                                                                  000017
1021903727600017200000260206200016896                         00000000400136014583000000000000000000000000060215092126/400136000000000400136014583180921000000001700023704424  000000000008200000000000000000000000000000000000000000000000000000000000000000000000000000000000000000000000000000000                          0000000000                                                                  000018
1021903727600017200000260206200016896                         00000000400162407364000000000000000000000000060215092126/400162400000000400162407364180921000000010000023704157  000000000008200000000000000000000000000000000000000000000000000000000000000000000000000000000000000000000000000000000                          0000000000                                                                  000019
1021903727600017200000260206200016896                         0000000040016404448P000000000000000000000000060215092126/40016400000000040016404448P160921000000005000023704159  000000000008200000000000000000000000000000000000000000000000000000000000000000000000000000000000000000000000000000000                          0000000000                                                                  000020
1021903727600017200000260206200016896                         00000000400202108640000000000000000000000000060215092126/400202100000000400202108640180921000000006000023704424  000000000008200000000000000000000000000000000000000000000000000000000000000000000000000000000000000000000000000000000                          0000000000                                                                  000021
1021903727600017200000260206200016896                         0000000040024103512P000000000000000000000000060215092126/40024100000000040024103512P180921000000001000023704400  000000000008200000000000000000000000000000000000000000000000000000000000000000000000000000000000000000000000000000000                          0000000000                                                                  000022
1021903727600017200000260206200016896                         00000000400265588375000000000000000000000000060215092126/400265500000000400265588375180921000000000800023704159  000000000008200000000000000000000000000000000000000000000000000000000000000000000000000000000000000000000000000000000                          0000000000                                                                  000023
1021903727600017200000260206200016896                         00000000400271835066000000000000000000000000060215092126/400271800000000400271835066180921000000003000023704143  000000000008200000000000000000000000000000000000000000000000000000000000000000000000000000000000000000000000000000000                          0000000000                                                                  000024
1021903727600017200000260206200016896                         0000000040029502056P000000000000000000000000060215092126/40029500000000040029502056P180921000000006000023700153  000000000008200000000000000000000000000000000000000000000000000000000000000000000000000000000000000000000000000000000                          0000000000                                                                  000025
1021903727600017200000260206200016896                         0000000040029811493P000000000000000000000000060215092126/40029810000000040029811493P180921000000000800023704452  000000000008200000000000000000000000000000000000000000000000000000000000000000000000000000000000000000000000000000000                          0000000000                                                                  000026
1021903727600017200000260206200016896                         00000000400300331854000000000000000000000000060215092126/400300300000000400300331854180921000000000800023704151  000000000000000000000000000000000000000000000000000000000000000000000000000000000000000000000000000000000000000000000                          0000000000                                                                  000027
1021903727600017200000260206200016896                         00000000400368530200000000000000000000000000060215092126/400368500000000400368530200180921000000000800023704159  000000000008200000000000000000000000000000000000000000000000000000000000000000000000000000000000000000000000000000000                          0000000000                                                                  000028
1021903727600017200000260206200016896                         00000000400382917851000000000000000000000000060215092126/400382900000000400382917851180921000000002000023700320  000000000008200000000000000000000000000000000000000000000000000000000000000000000000000000000000000000000000000000000                          0000000000                                                                  000029
1021903727600017200000260206200016896                         00000000400403035293000000000000000000000000060215092126/400403000000000400403035293180921000000000800023704159  000000000008200000000000000000000000000000000000000000000000000000000000000000000000000000000000000000000000000000000                          0000000000                                                                  000030
1021903727600017200000260206200016896                         00000000400410681656000000000000000000000000060215092126/400410600000000400410681656180921000000030000023700140  000000000008200000000000000000000000000000000000000000000000000000000000000000000000000000000000000000000000000000000                          0000000000                                                                  000031
1021903727600017200000260206200016896                         00000000400416724330000000000000000000000000060215092126/400416700000000400416724330180921000000000800023704159  000000000008200000000000000000000000000000000000000000000000000000000000000000000000000000000000000000000000000000000                          7600000000                                                                  000032
1021903727600017200000260206200016896                         00000000400425799726000000000000000000000000060215092126/400425700000000400425799726180921000000012000023704143  000000000008200000000000000000000000000000000000000000000000000000000000000000000000000000000000000000000000000000000                          0000000000                                                                  000033
1021903727600017200000260206200016896                         00000000400432661705000000000000000000000000060215092126/400432600000000400432661705180921000000002500023704424  000000000008200000000000000000000000000000000000000000000000000000000000000000000000000000000000000000000000000000000                          0000000000                                                                  000034
1021903727600017200000260206200016896                         00000000400441158285000000000000000000000000060215092126/400441100000000400441158285180921000000000800023704159  000000000008200000000000000000000000000000000000000000000000000000000000000000000000000000000000000000000000000000000                          0000000000                                                                  000035
1021903727600017200000260206200016896                         00000000400445942614000000000000000000000000060215092126/400445900000000400445942614180921000000002150023704159  000000000008200000000000000000000000000000000000000000000000000000000000000000000000000000000000000000000000000000000                          0000000000                                                                  000036
1021903727600017200000260206200016896                         00000000400487343753000000000000000000000000060215092126/400487300000000400487343753180921000000000800023704602  000000000008200000000000000000000000000000000000000000000000000000000000000000000000000000000000000000000000000000000                          7600000000                                                                  000037
1021903727600017200000260206200016896                         00000000400502827371000000000000000000000000060215092126/400502800000000400502827371180921000000005940023704426  000000000008200000000000000000000000000000000000000000000000000000000000000000000000000000000000000000000000000000000                          0000000000                                                                  000038
1021903727600017200000260206200016896                         0000000040050422044P000000000000000000000000060215092126/40050420000000040050422044P180921000000001500023704424  000000000008200000000000000000000000000000000000000000000000000000000000000000000000000000000000000000000000000000000                          0000000000                                                                  000039
1021903727600017200000260206200016896                         00000000400507850002000000000000000000000000060215092126/400507800000000400507850002180921000000000800023700435  000000000008200000000000000000000000000000000000000000000000000000000000000000000000000000000000000000000000000000000                          0000000000                                                                  000040
1021903727600017200000260206200016896                         00000000400511342496000000000000000000000000060215092126/400511300000000400511342496180921000000002000023704143  000000000008200000000000000000000000000000000000000000000000000000000000000000000000000000000000000000000000000000000                          0000000000                                                                  000041
1021903727600017200000260206200016896                         0000000040053212474P000000000000000000000000060215092126/40053210000000040053212474P180921000000000800023704159  000000000008200000000000000000000000000000000000000000000000000000000000000000000000000000000000000000000000000000000                          0000000000                                                                  000042
1021903727600017200000260206200016896                         00000000400543434880000000000000000000000000060215092126/400543400000000400543434880180921000000002800023704143  000000000008200000000000000000000000000000000000000000000000000000000000000000000000000000000000000000000000000000000                          0000000000                                                                  000043
1021903727600017200000260206200016896                         00000000400563170901000000000000000000000000060215092126/400563100000000400563170901180921000000000800023704159  000000000008200000000000000000000000000000000000000000000000000000000000000000000000000000000000000000000000000000000                          0000000000                                                                  000044
1021903727600017200000260206200016896                         00000000400573477789000000000000000000000000060215092126/400573400000000400573477789180921000000002000023700153  000000000008200000000000000000000000000000000000000000000000000000000000000000000000000000000000000000000000000000000                          0000000000                                                                  000045
1021903727600017200000260206200016896                         00000000400587043455000000000000000000000000060215092126/400587000000000400587043455180921000000001500023704422  000000000008200000000000000000000000000000000000000000000000000000000000000000000000000000000000000000000000000000000                          0000000000                                                                  000046
1021903727600017200000260206200016896                         00000000400588149664000000000000000000000000060215092126/400588100000000400588149664180921000000000910023704422  000000000008200000000000000000000000000000000000000000000000000000000000000000000000000000000000000000000000000000000                          0000000000                                                                  000047
1021903727600017200000260206200016896                         00000000400604179307000000000000000000000000060215092126/400604100000000400604179307180921000000012000023704452  000000000008200000000000000000000000000000000000000000000000000000000000000000000000000000000000000000000000000000000                          0000000000                                                                  000048
1021903727600017200000260206200016896                         00000000400613752532000000000000000000000000060215092126/400613700000000400613752532180921000000000800023704159  000000000008200000000000000000000000000000000000000000000000000000000000000000000000000000000000000000000000000000000                          0000000000                                                                  000049
1021903727600017200000260206200016896                         00000000400617516272000000000000000000000000060215092126/400617500000000400617516272180921000000006000023704143  000000000008200000000000000000000000000000000000000000000000000000000000000000000000000000000000000000000000000000000                          0000000000                                                                  000050
1021903727600017200000260206200016896                         00000000400624412784000000000000000000000000060215092126/400624400000000400624412784180921000000000800023704159  000000000008200000000000000000000000000000000000000000000000000000000000000000000000000000000000000000000000000000000                          0000000000                                                                  000051
1021903727600017200000260206200016896                         00000000400627996914000000000000000000000000060215092126/400627900000000400627996914180921000000000800023704452  000000000008200000000000000000000000000000000000000000000000000000000000000000000000000000000000000000000000000000000                          0000000000                                                                  000052
1021903727600017200000260206200016896                         00000000400653575056000000000000000000000000060215092126/400653500000000400653575056180921000000000800023704159  000000000008200000000000000000000000000000000000000000000000000000000000000000000000000000000000000000000000000000000                          0000000000                                                                  000053
1021903727600017200000260206200016896                         00000000400656529411000000000000000000000000060215092126/400656500000000400656529411180921000000005000023704159  000000000008200000000000000000000000000000000000000000000000000000000000000000000000000000000000000000000000000000000                          0000000000                                                                  000054
1021903727600017200000260206200016896                         00000000400657992360000000000000000000000000060215092126/400657900000000400657992360180921000000000800023704159  000000000008200000000000000000000000000000000000000000000000000000000000000000000000000000000000000000000000000000000                          0000000000                                                                  000055
1021903727600017200000260206200016896                         00000000400659816780000000000000000000000000060215092126/400659800000000400659816780180921000000000820023704602  000000000008200000000000000000000000000000000000000000000000000000000000000000000000000000000000000000000000000000000                          7600000000                                                                  000056
1021903727600017200000260206200016896                         00000000400667740467000000000000000000000000060215092126/400667700000000400667740467180921000000002500023704426  000000000008200000000000000000000000000000000000000000000000000000000000000000000000000000000000000000000000000000000                          7600000000                                                                  000057
1021903727600017200000260206200016896                         00000000400672191064000000000000000000000000060215092126/400672100000000400672191064180921000000002000023704426  000000000000000000000000000000000000000000000000000000000000000000000000000000000000000000000000000000000000000000000                          0000000000                                                                  000058
1021903727600017200000260206200016896                         00000000400672646533000000000000000000000000060215092126/400672600000000400672646533180921000000001900023704143  000000000008200000000000000000000000000000000000000000000000000000000000000000000000000000000000000000000000000000000                          0000000000                                                                  000059
1021903727600017200000260206200016896                         00000000400683925825000000000000000000000000060215092126/400683900000000400683925825180921000000001000023704452  000000000008200000000000000000000000000000000000000000000000000000000000000000000000000000000000000000000000000000000                          0000000000                                                                  000060
1021903727600017200000260206200016896                         00000000400695832725000000000000000000000000060215092126/400695800000000400695832725180921000000000830023704602  000000000008200000000000000000000000000000000000000000000000000000000000000000000000000000000000000000000000000000000                          7600000000                                                                  000061
1021903727600017200000260206200016896                         00000000400704978061000000000000000000000000060215092126/400704900000000400704978061180921000000003000023704143  000000000008200000000000000000000000000000000000000000000000000000000000000000000000000000000000000000000000000000000                          0000000000                                                                  000062
1021903727600017200000260206200016896                         00000000400722733432000000000000000000000000060215092126/400722700000000400722733432180921000000000800023704159  000000000008200000000000000000000000000000000000000000000000000000000000000000000000000000000000000000000000000000000                          0000000000                                                                  000063
1021903727600017200000260206200016896                         00000000400754063676000000000000000000000000060215092126/400754000000000400754063676180921000000001000023704422  000000000008200000000000000000000000000000000000000000000000000000000000000000000000000000000000000000000000000000000                          0000000000                                                                  000064
1021903727600017200000260206200016896                         00000000400756716774000000000000000000000000060215092126/400756700000000400756716774180921000000000800023704274  000000000008200000000000000000000000000000000000000000000000000000000000000000000000000000000000000000000000000000000                          0000000000                                                                  000065
1021903727600017200000260206200016896                         00000000400769064628000000000000000000000000060215092126/400769000000000400769064628180921000000000800023704159  000000000008200000000000000000000000000000000000000000000000000000000000000000000000000000000000000000000000000000000                          0000000000                                                                  000066
1021903727600017200000260206200016896                         00000000400788011861000000000000000000000000060215092126/400788000000000400788011861180921000000005000023704159  000000000008200000000000000000000000000000000000000000000000000000000000000000000000000000000000000000000000000000000                          0000000000                                                                  000067
1021903727600017200000260206200016896                         00000000400793915892000000000000000000000000060215092126/400793900000000400793915892180921000000000800023700320  000000000008200000000000000000000000000000000000000000000000000000000000000000000000000000000000000000000000000000000                          0000000000                                                                  000068
1021903727600017200000260206200016896                         00000000400796450580000000000000000000000000060215092126/400796400000000400796450580180921000000000800023704159  000000000008200000000000000000000000000000000000000000000000000000000000000000000000000000000000000000000000000000000                          0000000000                                                                  000069
1021903727600017200000260206200016896                         00000000400833429171000000000000000000000000060215092126/400833400000000400833429171180921000000000800023704159  000000000008200000000000000000000000000000000000000000000000000000000000000000000000000000000000000000000000000000000                          0000000000                                                                  000070
1021903727600017200000260206200016896                         00000000400836898032000000000000000000000000060215092126/400836800000000400836898032180921000000002740023700140  000000000008200000000000000000000000000000000000000000000000000000000000000000000000000000000000000000000000000000000                          0000000000                                                                  000071
1021903727600017200000260206200016896                         00000000400854295965000000000000000000000000060215092126/400854200000000400854295965180921000000000800023704452  000000000008200000000000000000000000000000000000000000000000000000000000000000000000000000000000000000000000000000000                          0000000000                                                                  000072
1021903727600017200000260206200016896                         00000000400855763938000000000000000000000000060215092126/400855700000000400855763938180921000000002000023700320  000000000008200000000000000000000000000000000000000000000000000000000000000000000000000000000000000000000000000000000                          0000000000                                                                  000073
1021903727600017200000260206200016896                         00000000400870662749000000000000000000000000060215092126/400870600000000400870662749180921000000003120023704154  000000000008200000000000000000000000000000000000000000000000000000000000000000000000000000000000000000000000000000000                          0000000000                                                                  000074
1021903727600017200000260206200016896                         00000000400909478975000000000000000000000000060215092126/400909400000000400909478975180921000000000800023704422  000000000008200000000000000000000000000000000000000000000000000000000000000000000000000000000000000000000000000000000                          0000000000                                                                  000075
1021903727600017200000260206200016896                         00000000400949215209000000000000000000000000060215092126/400949200000000400949215209180921000000000810023704159  000000000008200000000000000000000000000000000000000000000000000000000000000000000000000000000000000000000000000000000                          0000000000                                                                  000076
1021903727600017200000260206200016896                         00000000400987849963000000000000000000000000060215092126/400987800000000400987849963180921000000005000023704143  000000000008200000000000000000000000000000000000000000000000000000000000000000000000000000000000000000000000000000000                          0000000000                                                                  000077
1021903727600017200000260206200016896                         00000000400999878799000000000000000000000000060215092126/400999800000000400999878799180921000000001500023700140  000000000008200000000000000000000000000000000000000000000000000000000000000000000000000000000000000000000000000000000                          0000000000                                                                  000078
1021903727600017200000260206200016896                         00000000200283954401000000000000000000000000060615092126/200283900000000200283954401180921000000000308521200001  000000000000000000000000000000000000000000000000000000000000000000000000000000000000000308500000000000000000000000000   160921             00000000000000                                                                  000079
1021903727600017200000260206200016896                         00000000200895399431000000000000000000000000060615092126/200895300000000200895399431180921000000000681510400356  000000000000000000000000000000000000000000000000000000000000000000000000000000000000000681500000000000000000000000000   160921             00000000000000                                                                  000080
1021903727600017200000260206200016896                         00000000200996286808000000000000000000000000060615092126/200996200000000200996286808180921000000000192910401655  000000000000000000000000000000000000000000000000000000000000000000000000000000000000000192900000000000000000000000000   160921             00000000000000                                                                  000081
1021903727600017200000260206200016896                         00000000400000346795000000000000000000000000060615092126/400000300000000400000346795180921000000007350010400721  000000000000000000000000000000000000000000000000000000000000000000000000000000000000007350000000000000000000000000000   160921             00000000000000                                                                  000082
1021903727600017200000260206200016896                         0000000040010312135P000000000000000000000000060615092126/40010310000000040010312135P180921000000001500075600602  000000000000000000000000000000000000000000000000000000000000000000000000000000000000001500000000000000000000000000000   160921             00000000000000                                                                  000083
1021903727600017200000260206200016896                         00000000400117578565000000000000000000000000060615092126/400117500000000400117578565180921000000015000010400389  000000000000000000000000000000000000000000000000000000000000000000000000000000000000015000000000000000000000000000000   160921             00000000000000                                                                  000084
1021903727600017200000260206200016896                         00000000400118697630000000000000000000000000060615092126/400118600000000400118697630180921000000012000026000001  000000000000000000000000000000000000000000000000000000000000000000000000000000000000012000000000000000000000000000000   160921             00000000000000                                                                  000085
1021903727600017200000260206200016896                         0000000040011987854P000000000000000000000000060615092126/40011980000000040011987854P180921000000000810075600259  000000000000000000000000000000000000000000000000000000000000000000000000000000000000000810000000000000000000000000000   160921             00000000000000                                                                  000086
1021903727600017200000260206200016896                         00000000400120352721000000000000000000000000060615092126/400120300000000400120352721180921000000002000063300001  000000000000000000000000000000000000000000000000000000000000000000000000000000000000002000000000000000000000000000000   160921             00000000000000                                                                  000087
1021903727600017200000260206200016896                         00000000400132972458000000000000000000000000060615092126/400132900000000400132972458180921000000000800065500001  000000000000000000000000000000000000000000000000000000000000000000000000000000000000000800000000000000000000000000000   160921             00000000000000                                                                  000088
1021903727600017200000260206200016896                         00000000400136014583000000000000000000000000060615092126/400136000000000400136014583180921000000001700065500001  000000000000000000000000000000000000000000000000000000000000000000000000000000000000001700000000000000000000000000000   160921             00000000000000                                                                  000089
1021903727600017200000260206200016896                         00000000400162407364000000000000000000000000060615092126/400162400000000400162407364180921000000010000010400389  000000000000000000000000000000000000000000000000000000000000000000000000000000000000010000000000000000000000000000000   160921             00000000000000                                                                  000090
1021903727600017200000260206200016896                         00000000400193397545000000000000000000000000060615092126/400193300000000400193397545160921000000004400010400422  000000000000000000000000000000000000000000000000000000000000000000000000000000000000004400000000000000000000000000000   160921             00000000000000                                                                  000091
1021903727600017200000260206200016896                         00000000400202108640000000000000000000000000060615092126/400202100000000400202108640180921000000006000023702527  000000000000000000000000000000000000000000000000000000000000000000000000000000000000006000000000000000000000000000000   160921             00000000000000                                                                  000092
1021903727600017200000260206200016896                         0000000040024103512P000000000000000000000000060615092126/40024100000000040024103512P180921000000001000010400185  000000000000000000000000000000000000000000000000000000000000000000000000000000000000001000000000000000000000000000000   160921             00000000000000                                                                  000093
1021903727600017200000260206200016896                         00000000400265588375000000000000000000000000060615092126/400265500000000400265588375180921000000000800065500001  000000000000000000000000000000000000000000000000000000000000000000000000000000000000000800000000000000000000000000000   160921             00000000000000                                                                  000094
1021903727600017200000260206200016896                         0000000040029502056P000000000000000000000000060615092126/40029500000000040029502056P180921000000006000010401831  000000000000000000000000000000000000000000000000000000000000000000000000000000000000006000000000000000000000000000000   160921             00000000000000                                                                  000095
1021903727600017200000260206200016896                         0000000040029811493P000000000000000000000000060615092126/40029810000000040029811493P180921000000000800075604327  000000000000000000000000000000000000000000000000000000000000000000000000000000000000000800000000000000000000000000000   160921             00000000000000                                                                  000096
1021903727600017200000260206200016896                         00000000400368530200000000000000000000000000060615092126/400368500000000400368530200180921000000000800065500001  000000000000000000000000000000000000000000000000000000000000000000000000000000000000000800000000000000000000000000000   160921             00000000000000                                                                  000097
1021903727600017200000260206200016896                         00000000400382917851000000000000000000000000060615092126/400382900000000400382917851180921000000002000007700001  000000000000000000000000000000000000000000000000000000000000000000000000000000000000002000000000000000000000000000000   160921             00000000000000                                                                  000098
1021903727600017200000260206200016896                         00000000400396544810000000000000000000000000060615092126/400396500000000400396544810170921000000012000023703733  000000000000000000000000000000000000000000000000000000000000000000000000000000000000012000000000000000000000000000000   160921             00000000000000                                                                  000099
1021903727600017200000260206200016896                         00000000400403035293000000000000000000000000060615092126/400403000000000400403035293180921000000000800065500001  000000000000000000000000000000000000000000000000000000000000000000000000000000000000000800000000000000000000000000000   160921             00000000000000                                                                  000100
1021903727600017200000260206200016896                         00000000400410681656000000000000000000000000060615092126/400410600000000400410681656180921000000030000023703288  000000000000000000000000000000000000000000000000000000000000000000000000000000000000030000000000000000000000000000000   160921             00000000000000                                                                  000101
1021903727600017200000260206200016896                         00000000400416724330000000000000000000000000060615092126/400416700000000400416724330180921000000000800003304048  000000000000000000000000000000000000000000000000000000000000000000000000000000000000000800000000000000000000000000000   160921             00000000000000                                                                  000102
1021903727600017200000260206200016896                         00000000400425799726000000000000000000000000060615092126/400425700000000400425799726180921000000012000026000001  000000000000000000000000000000000000000000000000000000000000000000000000000000000000012000000000000000000000000000000   160921             00000000000000                                                                  000103
1021903727600017200000260206200016896                         00000000400432661705000000000000000000000000060615092126/400432600000000400432661705180921000000002500010403880  000000000000000000000000000000000000000000000000000000000000000000000000000000000000002500000000000000000000000000000   160921             00000000000000                                                                  000104
1021903727600017200000260206200016896                         00000000400441158285000000000000000000000000060615092126/400441100000000400441158285180921000000000800065500001  000000000000000000000000000000000000000000000000000000000000000000000000000000000000000800000000000000000000000000000   160921             00000000000000                                                                  000105
1021903727600017200000260206200016896                         00000000400445942614000000000000000000000000060615092126/400445900000000400445942614180921000000002150075604327  000000000000000000000000000000000000000000000000000000000000000000000000000000000000002150000000000000000000000000000   160921             00000000000000                                                                  000106
1021903727600017200000260206200016896                         00000000400487343753000000000000000000000000060615092126/400487300000000400487343753180921000000000800075600259  000000000000000000000000000000000000000000000000000000000000000000000000000000000000000800000000000000000000000000000   160921             00000000000000                                                                  000107
1021903727600017200000260206200016896                         00000000400502827371000000000000000000000000060615092126/400502800000000400502827371180921000000005940010400485  000000000000000000000000000000000000000000000000000000000000000000000000000000000000005940000000000000000000000000000   160921             00000000000000                                                                  000108
1021903727600017200000260206200016896                         0000000040050422044P000000000000000000000000060615092126/40050420000000040050422044P180921000000001500010403880  000000000000000000000000000000000000000000000000000000000000000000000000000000000000001500000000000000000000000000000   160921             00000000000000                                                                  000109
1021903727600017200000260206200016896                         00000000400507850002000000000000000000000000060615092126/400507800000000400507850002180921000000000800065500001  000000000000000000000000000000000000000000000000000000000000000000000000000000000000000800000000000000000000000000000   160921             00000000000000                                                                  000110
1021903727600017200000260206200016896                         00000000400511342496000000000000000000000000060615092126/400511300000000400511342496180921000000002000075600162  000000000000000000000000000000000000000000000000000000000000000000000000000000000000002000000000000000000000000000000   160921             00000000000000                                                                  000111
1021903727600017200000260206200016896                         0000000040053212474P000000000000000000000000060615092126/40053210000000040053212474P180921000000000800065500001  000000000000000000000000000000000000000000000000000000000000000000000000000000000000000800000000000000000000000000000   160921             00000000000000                                                                  000112
1021903727600017200000260206200016896                         00000000400543434880000000000000000000000000060615092126/400543400000000400543434880180921000000002800023702835  000000000000000000000000000000000000000000000000000000000000000000000000000000000000002800000000000000000000000000000   160921             00000000000000                                                                  000113
1021903727600017200000260206200016896                         00000000400563170901000000000000000000000000060615092126/400563100000000400563170901180921000000000800065500001  000000000000000000000000000000000000000000000000000000000000000000000000000000000000000800000000000000000000000000000   160921             00000000000000                                                                  000114
1021903727600017200000260206200016896                         00000000400573477789000000000000000000000000060615092126/400573400000000400573477789180921000000002000063300001  000000000000000000000000000000000000000000000000000000000000000000000000000000000000002000000000000000000000000000000   160921             00000000000000                                                                  000115
1021903727600017200000260206200016896                         00000000400587043455000000000000000000000000060615092126/400587000000000400587043455180921000000001500026000001  000000000000000000000000000000000000000000000000000000000000000000000000000000000000001500000000000000000000000000000   160921             00000000000000                                                                  000116
1021903727600017200000260206200016896                         00000000400588149664000000000000000000000000060615092126/400588100000000400588149664180921000000000910075604327  000000000000000000000000000000000000000000000000000000000000000000000000000000000000000910000000000000000000000000000   160921             00000000000000                                                                  000117
1021903727600017200000260206200016896                         00000000400613752532000000000000000000000000060615092126/400613700000000400613752532180921000000000800065500001  000000000000000000000000000000000000000000000000000000000000000000000000000000000000000800000000000000000000000000000   160921             00000000000000                                                                  000118
1021903727600017200000260206200016896                         00000000400617516272000000000000000000000000060615092126/400617500000000400617516272180921000000006000010400627  000000000000000000000000000000000000000000000000000000000000000000000000000000000000006000000000000000000000000000000   160921             00000000000000                                                                  000119
1021903727600017200000260206200016896                         00000000400624412784000000000000000000000000060615092126/400624400000000400624412784180921000000000800065500001  000000000000000000000000000000000000000000000000000000000000000000000000000000000000000800000000000000000000000000000   160921             00000000000000                                                                  000120
1021903727600017200000260206200016896                         00000000400627996914000000000000000000000000060615092126/400627900000000400627996914180921000000000800075604327  000000000000000000000000000000000000000000000000000000000000000000000000000000000000000800000000000000000000000000000   160921             00000000000000                                                                  000121
1021903727600017200000260206200016896                         00000000400653575056000000000000000000000000060615092126/400653500000000400653575056180921000000000800065500001  000000000000000000000000000000000000000000000000000000000000000000000000000000000000000800000000000000000000000000000   160921             00000000000000                                                                  000122
1021903727600017200000260206200016896                         00000000400656529411000000000000000000000000060615092126/400656500000000400656529411180921000000005000000100922  000000000000000000000000000000000000000000000000000000000000000000000000000000000000005000000000000000000000000000000   160921             00000000000000                                                                  000123
1021903727600017200000260206200016896                         00000000400657992360000000000000000000000000060615092126/400657900000000400657992360180921000000000800065500001  000000000000000000000000000000000000000000000000000000000000000000000000000000000000000800000000000000000000000000000   160921             00000000000000                                                                  000124
1021903727600017200000260206200016896                         00000000400659816780000000000000000000000000060615092126/400659800000000400659816780180921000000000820075600259  000000000000000000000000000000000000000000000000000000000000000000000000000000000000000820000000000000000000000000000   160921             00000000000000                                                                  000125
1021903727600017200000260206200016896                         00000000400667740467000000000000000000000000060615092126/400667700000000400667740467180921000000002500023702166  000000000000000000000000000000000000000000000000000000000000000000000000000000000000002500000000000000000000000000000   160921             00000000000000                                                                  000126
1021903727600017200000260206200016896                         00000000400672191064000000000000000000000000060615092126/400672100000000400672191064180921000000002000004100375  000000000000000000000000000000000000000000000000000000000000000000000000000000000000002000000000000000000000000000000   160921             00000000000000                                                                  000127
1021903727600017200000260206200016896                         00000000400672646533000000000000000000000000060615092126/400672600000000400672646533180921000000001900008501071  000000000000000000000000000000000000000000000000000000000000000000000000000000000000001900000000000000000000000000000   160921             00000000000000                                                                  000128
1021903727600017200000260206200016896                         00000000400683925825000000000000000000000000060615092126/400683900000000400683925825180921000000001000010402558  000000000000000000000000000000000000000000000000000000000000000000000000000000000000001000000000000000000000000000000   160921             00000000000000                                                                  000129
1021903727600017200000260206200016896                         00000000400695832725000000000000000000000000060615092126/400695800000000400695832725180921000000000830075600259  000000000000000000000000000000000000000000000000000000000000000000000000000000000000000830000000000000000000000000000   160921             00000000000000                                                                  000130
1021903727600017200000260206200016896                         00000000400722733432000000000000000000000000060615092126/400722700000000400722733432180921000000000800065500001  000000000000000000000000000000000000000000000000000000000000000000000000000000000000000800000000000000000000000000000   160921             00000000000000                                                                  000131
1021903727600017200000260206200016896                         00000000400754063676000000000000000000000000060615092126/400754000000000400754063676180921000000001000026000001  000000000000000000000000000000000000000000000000000000000000000000000000000000000000001000000000000000000000000000000   160921             00000000000000                                                                  000132
1021903727600017200000260206200016896                         00000000400756716774000000000000000000000000060615092126/400756700000000400756716774180921000000000800003301742  000000000000000000000000000000000000000000000000000000000000000000000000000000000000000800000000000000000000000000000   160921             00000000000000                                                                  000133
1021903727600017200000260206200016896                         00000000400769064628000000000000000000000000060615092126/400769000000000400769064628180921000000000800065500001  000000000000000000000000000000000000000000000000000000000000000000000000000000000000000800000000000000000000000000000   160921             00000000000000                                                                  000134
1021903727600017200000260206200016896                         00000000400796450580000000000000000000000000060615092126/400796400000000400796450580180921000000000800065500001  000000000000000000000000000000000000000000000000000000000000000000000000000000000000000800000000000000000000000000000   160921             00000000000000                                                                  000135
1021903727600017200000260206200016896                         00000000400833429171000000000000000000000000060615092126/400833400000000400833429171180921000000000800065500001  000000000000000000000000000000000000000000000000000000000000000000000000000000000000000800000000000000000000000000000   160921             00000000000000                                                                  000136
1021903727600017200000260206200016896                         00000000400836898032000000000000000000000000060615092126/400836800000000400836898032180921000000002740007000264  000000000000000000000000000000000000000000000000000000000000000000000000000000000000002740000000000000000000000000000   160921             00000000000000                                                                  000137
1021903727600017200000260206200016896                         00000000400854295965000000000000000000000000060615092126/400854200000000400854295965180921000000000800075604327  000000000000000000000000000000000000000000000000000000000000000000000000000000000000000800000000000000000000000000000   160921             00000000000000                                                                  000138
1021903727600017200000260206200016896                         00000000400855763938000000000000000000000000060615092126/400855700000000400855763938180921000000002000063300001  000000000000000000000000000000000000000000000000000000000000000000000000000000000000002000000000000000000000000000000   160921             00000000000000                                                                  000139
1021903727600017200000260206200016896                         00000000400870662749000000000000000000000000060615092126/400870600000000400870662749180921000000003120002100112  000000000000000000000000000000000000000000000000000000000000000000000000000000000000003120000000000000000000000000000   160921             00000000000000                                                                  000140
1021903727600017200000260206200016896                         00000000400909478975000000000000000000000000060615092126/400909400000000400909478975180921000000000800000102196  000000000000000000000000000000000000000000000000000000000000000000000000000000000000000800000000000000000000000000000   160921             00000000000000                                                                  000141
1021903727600017200000260206200016896                         00000000400949215209000000000000000000000000060615092126/400949200000000400949215209180921000000000810063300001  000000000000000000000000000000000000000000000000000000000000000000000000000000000000000810000000000000000000000000000   160921             00000000000000                                                                  000142
1021903727600017200000260206200016896                         00000000400987849963000000000000000000000000060615092126/400987800000000400987849963180921000000005000000100343  000000000000000000000000000000000000000000000000000000000000000000000000000000000000005000000000000000000000000000000   160921             00000000000000                                                                  000143
1021903727600017200000260206200016896                         00000000400999878799000000000000000000000000060615092126/400999800000000400999878799180921000000001500019700001  000000000000000000000000000000000000000000000000000000000000000000000000000000000000001500000000000000000000000000000   160921             00000000000000                                                                  000144
1021903727600017200000260206200016896                         00000000200049442332000000000000000000000000061015092126/200049400000000200049442332160721000000000500023700000  000000000000000000000000000000000000000000000000000000000000000000000000000000000000000000000000000000000000000000000                          1600000000                                                                  000145
1021903727600017200000260206200016896                         00000000200106939834000000000000000000000000061015092126/200106900000000200106939834160721000000001241823700000  000000000000000000000000000000000000000000000000000000000000000000000000000000000000000000000000000000000000000000000                          1600000000                                                                  000146
1021903727600017200000260206200016896                         00000000200234782662000000000000000000000000061015092126/200234700000000200234782662160721000000000049923700000  000000000000000000000000000000000000000000000000000000000000000000000000000000000000000000000000000000000000000000000                          1600000000                                                                  000147
1021903727600017200000260206200016896                         00000000200343544046000000000000000000000000061015092126/200343500000000200343544046160721000000000049923700000  000000000000000000000000000000000000000000000000000000000000000000000000000000000000000000000000000000000000000000000                          1600000000                                                                  000148
1021903727600017200000260206200016896                         00000000400918810222000000000000000000000000061015092126/400918800000000400918810222160721000000008000023700000  000000000000000000000000000000000000000000000000000000000000000000000000000000000000000000000000000000000000000000000                          1600000000                                                                  000149
1021903727600017200000260206200016896                         00000000600246916018000000000000000000000000061015092126/600246900000000600246916018160721000000000069923700000  000000000000000000000000000000000000000000000000000000000000000000000000000000000000000000000000000000000000000000000                          1600000000                                                                  000150
1021903727600017200000260206200016896                         0000000060034693126P000000000000000000000000061015092126/60034690000000060034693126P160721000000000269923700000  000000000000000000000000000000000000000000000000000000000000000000000000000000000000000000000000000000000000000000000                          1600000000                                                                  000151
1021903727600017200000260206200016896                         00000000600766286459000000000000000000000000061015092126/600766200000000600766286459160721000000000159923700000  000000000000000000000000000000000000000000000000000000000000000000000000000000000000000000000000000000000000000000000                          1600000000                                                                  000152
1021903727600017200000260206200016896                         00000000600963330524000000000000000000000000061015092126/600963300000000600963330524160721000000000069923700000  000000000000000000000000000000000000000000000000000000000000000000000000000000000000000000000000000000000000000000000                          1600000000                                                                  000153
9201237          000007540000001817192100000767          00077000002195961000002008629000660000020086290000900000010411200000000000000000000000000000000000000000000000000000000000000000000                                                                                                                                                                              00000000000000000000000         000154
