02RETORNO01COBRANCA       00000000000005034448E-PREPAG ADMINISTRADORA DE CAR237BRADESCO       1602220160000000873                                                                                                                                                                                                                                                                          170222         000001
1021903727600017200000260206200016896                         00000000100033187109000000000000000000000000060216022226/100033100000000100033187109170222000000008998823704159  000000000008200000000000000000000000000000000000000000000000000000000000000000000000000000000000000000000000000000000                          0000000000                                                                  000002
1021903727600017200000260206200016896                         0000000010003319248P000000000000000000000000060216022226/10003310000000010003319248P170222000000001670023704400  000000000008200000000000000000000000000000000000000000000000000000000000000000000000000000000000000000000000000000000                          0000000000                                                                  000003
1021903727600017200000260206200016896                         00000000100033200792000000000000000000000000060216022226/100033200000000100033200792170222000000013178123704602  000000000008200000000000000000000000000000000000000000000000000000000000000000000000000000000000000000000000000000000                          0000000000                                                                  000004
1021903727600017200000260206200016896                         0000000040020138024P000000000000000000000000060216022226/40020130000000040020138024P190222000000002000023704143  000000000008200000000000000000000000000000000000000000000000000000000000000000000000000000000000000000000000000000000                          7600000000                                                                  000005
1021903727600017200000260206200016896                         00000000400230148666000000000000000000000000060216022226/400230100000000400230148666190222000000006500023704157  000000000008200000000000000000000000000000000000000000000000000000000000000000000000000000000000000000000000000000000                          0000000000                                                                  000006
1021903727600017200000260206200016896                         00000000400369120529000000000000000000000000060216022226/400369100000000400369120529190222000000012000023700321  000000000000000000000000000000000000000000000000000000000000000000000000000000000000000000000000000000000000000000000                          0000000000                                                                  000007
1021903727600017200000260206200016896                         00000000400391879768000000000000000000000000060216022226/400391800000000400391879768190222000000002500023704151  000000000008200000000000000000000000000000000000000000000000000000000000000000000000000000000000000000000000000000000                          0000000000                                                                  000008
1021903727600017200000260206200016896                         00000000400465774718000000000000000000000000060216022226/400465700000000400465774718190222000000007800023704157  000000000008200000000000000000000000000000000000000000000000000000000000000000000000000000000000000000000000000000000                          0000000000                                                                  000009
1021903727600017200000260206200016896                         00000000400545000039000000000000000000000000060216022226/400545000000000400545000039190222000000001650023704143  000000000008200000000000000000000000000000000000000000000000000000000000000000000000000000000000000000000000000000000                          7600000000                                                                  000010
1021903727600017200000260206200016896                         00000000400550063154000000000000000000000000060216022226/400550000000000400550063154190222000000001020023704422  000000000008200000000000000000000000000000000000000000000000000000000000000000000000000000000000000000000000000000000                          0000000000                                                                  000011
1021903727600017200000260206200016896                         0000000040056474054P000000000000000000000000060216022226/40056470000000040056474054P190222000000002000023704602  000000000008200000000000000000000000000000000000000000000000000000000000000000000000000000000000000000000000000000000                          0000000000                                                                  000012
1021903727600017200000260206200016896                         0000000040056883106P000000000000000000000000060216022226/40056880000000040056883106P190222000000001000023704143  000000000008200000000000000000000000000000000000000000000000000000000000000000000000000000000000000000000000000000000                          0000000000                                                                  000013
1021903727600017200000260206200016896                         00000000400630259734000000000000000000000000060216022226/400630200000000400630259734190222000000000800023704422  000000000008200000000000000000000000000000000000000000000000000000000000000000000000000000000000000000000000000000000                          0000000000                                                                  000014
1021903727600017200000260206200016896                         00000000400658202266000000000000000000000000060216022226/400658200000000400658202266190222000000000800023704422  000000000008200000000000000000000000000000000000000000000000000000000000000000000000000000000000000000000000000000000                          0000000000                                                                  000015
1021903727600017200000260206200016896                         0000000040077199957P000000000000000000000000060216022226/40077190000000040077199957P190222000000010000023704154  000000000008200000000000000000000000000000000000000000000000000000000000000000000000000000000000000000000000000000000                          0000000000                                                                  000016
1021903727600017200000260206200016896                         00000000400798503568000000000000000000000000060216022226/400798500000000400798503568190222000000000800023700320  000000000008200000000000000000000000000000000000000000000000000000000000000000000000000000000000000000000000000000000                          0000000000                                                                  000017
1021903727600017200000260206200016896                         00000000400923044317000000000000000000000000060216022226/400923000000000400923044317190222000000003000023704143  000000000008200000000000000000000000000000000000000000000000000000000000000000000000000000000000000000000000000000000                          0000000000                                                                  000018
1021903727600017200000260206200016896                         0000000040020138024P000000000000000000000000060616022226/40020130000000040020138024P190222000000002000023702151  000000000000000000000000000000000000000000000000000000000000000000000000000000000000002000000000000000000000000000000   170222             00000000000000                                                                  000019
1021903727600017200000260206200016896                         00000000400230148666000000000000000000000000060616022226/400230100000000400230148666190222000000006500010400389  000000000000000000000000000000000000000000000000000000000000000000000000000000000000006500000000000000000000000000000   170222             00000000000000                                                                  000020
1021903727600017200000260206200016896                         00000000400465774718000000000000000000000000060616022226/400465700000000400465774718190222000000007800010400389  000000000000000000000000000000000000000000000000000000000000000000000000000000000000007800000000000000000000000000000   170222             00000000000000                                                                  000021
1021903727600017200000260206200016896                         00000000400550063154000000000000000000000000060616022226/400550000000000400550063154190222000000001020065500001  000000000000000000000000000000000000000000000000000000000000000000000000000000000000001020000000000000000000000000000   170222             00000000000000                                                                  000022
1021903727600017200000260206200016896                         0000000040056474054P000000000000000000000000060616022226/40056470000000040056474054P190222000000002000023703954  000000000000000000000000000000000000000000000000000000000000000000000000000000000000002000000000000000000000000000000   170222             00000000000000                                                                  000023
1021903727600017200000260206200016896                         0000000040056883106P000000000000000000000000060616022226/40056880000000040056883106P190222000000001000000102118  000000000000000000000000000000000000000000000000000000000000000000000000000000000000001000000000000000000000000000000   170222             00000000000000                                                                  000024
1021903727600017200000260206200016896                         00000000400630259734000000000000000000000000060616022226/400630200000000400630259734190222000000000800065500001  000000000000000000000000000000000000000000000000000000000000000000000000000000000000000800000000000000000000000000000   170222             00000000000000                                                                  000025
1021903727600017200000260206200016896                         00000000400658202266000000000000000000000000060616022226/400658200000000400658202266190222000000000800065500001  000000000000000000000000000000000000000000000000000000000000000000000000000000000000000800000000000000000000000000000   170222             00000000000000                                                                  000026
1021903727600017200000260206200016896                         00000000400661685642000000000000000000000000060616022226/400661600000000400661685642180222000000002670000101004  000000000000000000000000000000000000000000000000000000000000000000000000000000000000002670000000000000000000000000000   170222             00000000000000                                                                  000027
1021903727600017200000260206200016896                         00000000400762788426000000000000000000000000060616022226/400762700000000400762788426180222000000000800075600259  000000000000000000000000000000000000000000000000000000000000000000000000000000000000000800000000000000000000000000000   170222             00000000000000                                                                  000028
1021903727600017200000260206200016896                         00000000400798503568000000000000000000000000060616022226/400798500000000400798503568190222000000000800063300001  000000000000000000000000000000000000000000000000000000000000000000000000000000000000000800000000000000000000000000000   170222             00000000000000                                                                  000029
1021903727600017200000260206200016896                         0000000040091255724P000000000000000000000000060616022226/40091250000000040091255724P180222000000010560010400721  000000000000000000000000000000000000000000000000000000000000000000000000000000000000010560000000000000000000000000000   170222             00000000000000                                                                  000030
1021903727600017200000260206200016896                         00000000400923044317000000000000000000000000060616022226/400923000000000400923044317190222000000003000000102118  000000000000000000000000000000000000000000000000000000000000000000000000000000000000003000000000000000000000000000000   170222             00000000000000                                                                  000031
1021903727600017200000260206200016896                         00000000200237466737000000000000000000000000061016022226/200237400000000200237466737171221000000000500023700000  000000000000000000000000000000000000000000000000000000000000000000000000000000000000000000000000000000000000000000000                          1600000000                                                                  000032
1021903727600017200000260206200016896                         00000000200554251509000000000000000000000000061016022226/200554200000000200554251509171221000000000269923700000  000000000000000000000000000000000000000000000000000000000000000000000000000000000000000000000000000000000000000000000                          1600000000                                                                  000033
1021903727600017200000260206200016896                         00000000200641599112000000000000000000000000061016022226/200641500000000200641599112171221000000000219923700000  000000000000000000000000000000000000000000000000000000000000000000000000000000000000000000000000000000000000000000000                          1600000000                                                                  000034
1021903727600017200000260206200016896                         00000000400160361804000000000000000000000000061016022226/400160300000000400160361804171221000000004500023700000  000000000000000000000000000000000000000000000000000000000000000000000000000000000000000000000000000000000000000000000                          1600000000                                                                  000035
1021903727600017200000260206200016896                         00000000400260095028000000000000000000000000061016022226/400260000000000400260095028171221000000001000023700000  000000000000000000000000000000000000000000000000000000000000000000000000000000000000000000000000000000000000000000000                          1600000000                                                                  000036
1021903727600017200000260206200016896                         00000000400305027657000000000000000000000000061016022226/400305000000000400305027657171221000000000800023700000  000000000000000000000000000000000000000000000000000000000000000000000000000000000000000000000000000000000000000000000                          1600000000                                                                  000037
1021903727600017200000260206200016896                         00000000400441669573000000000000000000000000061016022226/400441600000000400441669573171221000000000800023700000  000000000000000000000000000000000000000000000000000000000000000000000000000000000000000000000000000000000000000000000                          1600000000                                                                  000038
9201237          000002890000001588097600000873          00017000000757169000000397500000130000003975000000700000008089800000000000000000000000000000000000000000000000000000000000000000000                                                                                                                                                                              00000000000000000000000         000039
