02RETORNO01COBRANCA       00000000000005034448E-PREPAG ADMINISTRADORA DE CAR237BRADESCO       1611220160000001059                                                                                                                                                                                                                                                                          171122         000001
1021903727600017200000260206200016896                         00000000200364745130000000000000000000000000060216112226/200364700000000200364745130191122000000001599123704159  000000000008200000000000000000000000000000000000000000000000000000000000000000000000000000000000000000000000000000000                          0000000000                                                                  000002
1021903727600017200000260206200016896                         00000000200487257157000000000000000000000000060216112226/200487200000000200487257157181122000000001064623704151  000000000008200000000000000000000000000000000000000000000000000000000000000000000000000000000000000000000000000000000                          0000000000                                                                  000003
1021903727600017200000260206200016896                         0000000040046566498P000000000000000000000000060216112226/40046560000000040046566498P191122000000000820023702062  000000000008200000000000000000000000000000000000000000000000000000000000000000000000000000000000000000000000000000000                          0000000000                                                                  000004
1021903727600017200000260206200016896                         00000000400615225645000000000000000000000000060216112226/400615200000000400615225645191122000000000800023704159  000000000008200000000000000000000000000000000000000000000000000000000000000000000000000000000000000000000000000000000                          0000000000                                                                  000005
1021903727600017200000260206200016896                         00000000400649733828000000000000000000000000060216112226/400649700000000400649733828191122000000000800023702062  000000000008200000000000000000000000000000000000000000000000000000000000000000000000000000000000000000000000000000000                          0000000000                                                                  000006
1021903727600017200000260206200016896                         00000000400755308249000000000000000000000000060216112226/400755300000000400755308249191122000000003500023704426  000000000008200000000000000000000000000000000000000000000000000000000000000000000000000000000000000000000000000000000                          7600000000                                                                  000007
1021903727600017200000260206200016896                         00000000400849810355000000000000000000000000060216112226/400849800000000400849810355191122000000001000023704152  000000000008200000000000000000000000000000000000000000000000000000000000000000000000000000000000000000000000000000000                          0000000000                                                                  000008
1021903727600017200000260206200016896                         00000000400989185523000000000000000000000000060216112226/400989100000000400989185523191122000000000800023702062  000000000008200000000000000000000000000000000000000000000000000000000000000000000000000000000000000000000000000000000                          0000000000                                                                  000009
1021903727600017200000260206200016896                         00000000200487257157000000000000000000000000060616112226/200487200000000200487257157181122000000001064600101203  000000000000000000000000000000000000000000000000000000000000000000000000000000000000001064600000000000000000000000000   171122             00000000000000                                                                  000010
1021903727600017200000260206200016896                         0000000040046566498P000000000000000000000000060616112226/40046560000000040046566498P191122000000000820063300001  000000000000000000000000000000000000000000000000000000000000000000000000000000000000000820000000000000000000000000000   171122             00000000000000                                                                  000011
1021903727600017200000260206200016896                         00000000400649733828000000000000000000000000060616112226/400649700000000400649733828191122000000000800063300001  000000000000000000000000000000000000000000000000000000000000000000000000000000000000000800000000000000000000000000000   171122             00000000000000                                                                  000012
1021903727600017200000260206200016896                         00000000400755308249000000000000000000000000060616112226/400755300000000400755308249191122000000003500075600528  000000000000000000000000000000000000000000000000000000000000000000000000000000000000003500000000000000000000000000000   171122             00000000000000                                                                  000013
1021903727600017200000260206200016896                         00000000400849810355000000000000000000000000060616112226/400849800000000400849810355191122000000001000023700536  000000000000000000000000000000000000000000000000000000000000000000000000000000000000001000000000000000000000000000000   171122             00000000000000                                                                  000014
1021903727600017200000260206200016896                         00000000400989185523000000000000000000000000060616112226/400989100000000400989185523191122000000000800063300001  000000000000000000000000000000000000000000000000000000000000000000000000000000000000000800000000000000000000000000000   171122             00000000000000                                                                  000015
1021903727600017200000260206200016896                         00000000200246270756000000000000000000000000061016112226/200246200000000200246270756150922000000000926123700000  000000000000000000000000000000000000000000000000000000000000000000000000000000000000000000000000000000000000000000000                          1600000000                                                                  000016
1021903727600017200000260206200016896                         00000000200614359010000000000000000000000000061016112226/200614300000000200614359010160922000000000916823700000  000000000000000000000000000000000000000000000000000000000000000000000000000000000000000000000000000000000000000000000                          1600000000                                                                  000017
1021903727600017200000260206200016896                         00000000200736908988000000000000000000000000061016112226/200736900000000200736908988150922000000000189723700000  000000000000000000000000000000000000000000000000000000000000000000000000000000000000000000000000000000000000000000000                          1600000000                                                                  000018
1021903727600017200000260206200016896                         00000000200892160713000000000000000000000000061016112226/200892100000000200892160713160922000000000916823700000  000000000000000000000000000000000000000000000000000000000000000000000000000000000000000000000000000000000000000000000                          1600000000                                                                  000019
1021903727600017200000260206200016896                         00000000400278072211000000000000000000000000061016112226/400278000000000400278072211150922000000001900023700000  000000000000000000000000000000000000000000000000000000000000000000000000000000000000000000000000000000000000000000000                          1600000000                                                                  000020
9201237          000000780000000253814000001059          00008000000103837000000079846000060000000798460000500000004849400000000000000000000000000000000000000000000000000000000000000000000                                                                                                                                                                              00000000000000000000000         000021
