02RETORNO01COBRANCA       00000000000005034448E-PREPAG ADMINISTRADORA DE CAR237BRADESCO       1609220160000001019                                                                                                                                                                                                                                                                          190922         000001
1021903727600017200000260206200016896                         00000000400196515743000000000000000000000000060216092226/400196500000000400196515743190922000000001500023704424  000000000008200000000000000000000000000000000000000000000000000000000000000000000000000000000000000000000000000000000                          0000000000                                                                  000002
1021903727600017200000260206200016896                         00000000400434139704000000000000000000000000060216092226/400434100000000400434139704190922000000000800023704159  000000000008200000000000000000000000000000000000000000000000000000000000000000000000000000000000000000000000000000000                          0000000000                                                                  000003
1021903727600017200000260206200016896                         00000000400461752442000000000000000000000000060216092226/400461700000000400461752442190922000000099000023704151  000000000008200000000000000000000000000000000000000000000000000000000000000000000000000000000000000000000000000000000                          7600000000                                                                  000004
1021903727600017200000260206200016896                         00000000400876921533000000000000000000000000060216092226/400876900000000400876921533190922000000001400023704159  000000000008200000000000000000000000000000000000000000000000000000000000000000000000000000000000000000000000000000000                          0000000000                                                                  000005
1021903727600017200000260206200016896                         00000000400196515743000000000000000000000000060616092226/400196500000000400196515743190922000000001500065500001  000000000000000000000000000000000000000000000000000000000000000000000000000000000000001500000000000000000000000000000   190922             00000000000000                                                                  000006
1021903727600017200000260206200016896                         00000000400434139704000000000000000000000000060616092226/400434100000000400434139704190922000000000800063300001  000000000000000000000000000000000000000000000000000000000000000000000000000000000000000800000000000000000000000000000   190922             00000000000000                                                                  000007
1021903727600017200000260206200016896                         00000000400461752442000000000000000000000000060616092226/400461700000000400461752442190922000000099000063300001  000000000000000000000000000000000000000000000000000000000000000000000000000000000000099000000000000000000000000000000   190922             00000000000000                                                                  000008
1021903727600017200000260206200016896                         00000000400876921533000000000000000000000000060616092226/400876900000000400876921533190922000000001400075604327  000000000000000000000000000000000000000000000000000000000000000000000000000000000000001400000000000000000000000000000   190922             00000000000000                                                                  000009
1021903727600017200000260206200016896                         0000000020011134010P000000000000000000000000061016092226/20011130000000020011134010P170722000000000280523700000  000000000000000000000000000000000000000000000000000000000000000000000000000000000000000000000000000000000000000000000                          1600000000                                                                  000010
1021903727600017200000260206200016896                         00000000400262646811000000000000000000000000061016092226/400262600000000400262646811170722000000010000023700000  000000000000000000000000000000000000000000000000000000000000000000000000000000000000000000000000000000000000000000000                          1600000000                                                                  000011
9201237          000001290000000376385900001019          00004000001027000000001027000000040000010270000000200000010280500000000000000000000000000000000000000000000000000000000000000000000                                                                                                                                                                              00000000000000000000000         000012
