02RETORNO01COBRANCA       00000000000005034448E-PREPAG ADMINISTRADORA DE CAR237BRADESCO       1611210160000000808                                                                                                                                                                                                                                                                          171121         000001
1021903727600017200000260206200016896                         0000000010003191125P000000000000000000000000060216112126/10003190000000010003191125P161121000000006124423704159  000000000008200000000000000000000000000000000000000000000000000000000000000000000000000000000000000000000000000000000                          0000000000                                                                  000002
1021903727600017200000260206200016896                         00000000100031913678000000000000000000000000060216112126/100031900000000100031913678161121000000000897523704144  000000000008200000000000000000000000000000000000000000000000000000000000000000000000000000000000000000000000000000000                          7600000000                                                                  000003
1021903727600017200000260206200016896                         00000000100031917584000000000000000000000000060216112126/100031900000000100031917584161121000000000372023704436  000000000008200000000000000000000000000000000000000000000000000000000000000000000000000000000000000000000000000000000                          0000000000                                                                  000004
1021903727600017200000260206200016896                         00000000100031918009000000000000000000000000060216112126/100031900000000100031918009161121000000022000023704602  000000000008200000000000000000000000000000000000000000000000000000000000000000000000000000000000000000000000000000000                          0000000000                                                                  000005
1021903727600017200000260206200016896                         00000000100031970558000000000000000000000000060216112126/100031900000000100031970558161121000000001575523704400  000000000008200000000000000000000000000000000000000000000000000000000000000000000000000000000000000000000000000000000                          0000000000                                                                  000006
1021903727600017200000260206200016896                         00000000200081237392000000000000000000000000060216112126/200081200000000200081237392161121000000000363823704422  000000000008200000000000000000000000000000000000000000000000000000000000000000000000000000000000000000000000000000000                          0000000000                                                                  000007
1021903727600017200000260206200016896                         00000000200288975709000000000000000000000000060216112126/200288900000000200288975709191121000000000232823704152  000000000008200000000000000000000000000000000000000000000000000000000000000000000000000000000000000000000000000000000                          7600000000                                                                  000008
1021903727600017200000260206200016896                         0000000020037231002P000000000000000000000000060216112126/20037230000000020037231002P161121000000000347423704422  000000000008200000000000000000000000000000000000000000000000000000000000000000000000000000000000000000000000000000000                          0000000000                                                                  000009
1021903727600017200000260206200016896                         00000000200386336447000000000000000000000000060216112126/200386300000000200386336447161121000000000500023704151  000000000008200000000000000000000000000000000000000000000000000000000000000000000000000000000000000000000000000000000                          0000000000                                                                  000010
1021903727600017200000260206200016896                         00000000200424186993000000000000000000000000060216112126/200424100000000200424186993191121000000000500023703109  000000000008200000000000000000000000000000000000000000000000000000000000000000000000000000000000000000000000000000000                          0000000000                                                                  000011
1021903727600017200000260206200016896                         00000000200430418642000000000000000000000000060216112126/200430400000000200430418642181121000000000818123704400  000000000008200000000000000000000000000000000000000000000000000000000000000000000000000000000000000000000000000000000                          0000000000                                                                  000012
1021903727600017200000260206200016896                         00000000200465594923000000000000000000000000060216112126/200465500000000200465594923161121000000000982623704422  000000000008200000000000000000000000000000000000000000000000000000000000000000000000000000000000000000000000000000000                          0000000000                                                                  000013
1021903727600017200000260206200016896                         00000000200530937787000000000000000000000000060216112126/200530900000000200530937787171121000000000545423703109  000000000008200000000000000000000000000000000000000000000000000000000000000000000000000000000000000000000000000000000                          0000000000                                                                  000014
1021903727600017200000260206200016896                         00000000200582036834000000000000000000000000060216112126/200582000000000200582036834181121000000000545823703109  000000000008200000000000000000000000000000000000000000000000000000000000000000000000000000000000000000000000000000000                          0000000000                                                                  000015
1021903727600017200000260206200016896                         00000000200625024878000000000000000000000000060216112126/200625000000000200625024878171121000000001582623704154  000000000008200000000000000000000000000000000000000000000000000000000000000000000000000000000000000000000000000000000                          0000000000                                                                  000016
1021903727600017200000260206200016896                         00000000200651341121000000000000000000000000060216112126/200651300000000200651341121161121000000000700023704151  000000000008200000000000000000000000000000000000000000000000000000000000000000000000000000000000000000000000000000000                          0000000000                                                                  000017
1021903727600017200000260206200016896                         00000000200678968509000000000000000000000000060216112126/200678900000000200678968509161121000000000982623703109  000000000008200000000000000000000000000000000000000000000000000000000000000000000000000000000000000000000000000000000                          0000000000                                                                  000018
1021903727600017200000260206200016896                         00000000200710458585000000000000000000000000060216112126/200710400000000200710458585161121000000000219923704154  000000000008200000000000000000000000000000000000000000000000000000000000000000000000000000000000000000000000000000000                          0000000000                                                                  000019
1021903727600017200000260206200016896                         00000000200751395881000000000000000000000000060216112126/200751300000000200751395881161121000000000347423704400  000000000008200000000000000000000000000000000000000000000000000000000000000000000000000000000000000000000000000000000                          0000000000                                                                  000020
1021903727600017200000260206200016896                         00000000200808613392000000000000000000000000060216112126/200808600000000200808613392171121000000001173223704159  000000000008200000000000000000000000000000000000000000000000000000000000000000000000000000000000000000000000000000000                          0000000000                                                                  000021
1021903727600017200000260206200016896                         00000000200913676774000000000000000000000000060216112126/200913600000000200913676774171121000000000347523704400  000000000008200000000000000000000000000000000000000000000000000000000000000000000000000000000000000000000000000000000                          0000000000                                                                  000022
1021903727600017200000260206200016896                         00000000200930116766000000000000000000000000060216112126/200930100000000200930116766181121000000001636923703109  000000000008200000000000000000000000000000000000000000000000000000000000000000000000000000000000000000000000000000000                          0000000000                                                                  000023
1021903727600017200000260206200016896                         00000000400043686506000000000000000000000000060216112126/400043600000000400043686506181121000000005000023704159  000000000008200000000000000000000000000000000000000000000000000000000000000000000000000000000000000000000000000000000                          0000000000                                                                  000024
1021903727600017200000260206200016896                         00000000400122346230000000000000000000000000060216112126/400122300000000400122346230191121000000008500023704157  000000000008200000000000000000000000000000000000000000000000000000000000000000000000000000000000000000000000000000000                          0000000000                                                                  000025
1021903727600017200000260206200016896                         00000000400126202977000000000000000000000000060216112126/400126200000000400126202977191121000000000800023704422  000000000008200000000000000000000000000000000000000000000000000000000000000000000000000000000000000000000000000000000                          0000000000                                                                  000026
1021903727600017200000260206200016896                         00000000400126701930000000000000000000000000060216112126/400126700000000400126701930161121000000005080023704154  000000000008200000000000000000000000000000000000000000000000000000000000000000000000000000000000000000000000000000000                          0000000000                                                                  000027
1021903727600017200000260206200016896                         00000000400144388247000000000000000000000000060216112126/400144300000000400144388247191121000000000800023704159  000000000008200000000000000000000000000000000000000000000000000000000000000000000000000000000000000000000000000000000                          0000000000                                                                  000028
1021903727600017200000260206200016896                         00000000400211778349000000000000000000000000060216112126/400211700000000400211778349191121000000000800023704159  000000000008200000000000000000000000000000000000000000000000000000000000000000000000000000000000000000000000000000000                          0000000000                                                                  000029
1021903727600017200000260206200016896                         00000000400223466237000000000000000000000000060216112126/400223400000000400223466237191121000000000800023704159  000000000008200000000000000000000000000000000000000000000000000000000000000000000000000000000000000000000000000000000                          0000000000                                                                  000030
1021903727600017200000260206200016896                         00000000400223728282000000000000000000000000060216112126/400223700000000400223728282191121000000002500023704143  000000000008200000000000000000000000000000000000000000000000000000000000000000000000000000000000000000000000000000000                          7600000000                                                                  000031
1021903727600017200000260206200016896                         00000000400224138403000000000000000000000000060216112126/400224100000000400224138403191121000000000800023704159  000000000008200000000000000000000000000000000000000000000000000000000000000000000000000000000000000000000000000000000                          0000000000                                                                  000032
1021903727600017200000260206200016896                         00000000400231126496000000000000000000000000060216112126/400231100000000400231126496191121000000007000023700140  000000000008200000000000000000000000000000000000000000000000000000000000000000000000000000000000000000000000000000000                          0000000000                                                                  000033
1021903727600017200000260206200016896                         00000000400235171283000000000000000000000000060216112126/400235100000000400235171283191121000000000800023700140  000000000008200000000000000000000000000000000000000000000000000000000000000000000000000000000000000000000000000000000                          0000000000                                                                  000034
1021903727600017200000260206200016896                         00000000400238327578000000000000000000000000060216112126/400238300000000400238327578191121000000004000023704151  000000000008200000000000000000000000000000000000000000000000000000000000000000000000000000000000000000000000000000000                          0000000000                                                                  000035
1021903727600017200000260206200016896                         00000000400263525678000000000000000000000000060216112126/400263500000000400263525678191121000000002000023704452  000000000008200000000000000000000000000000000000000000000000000000000000000000000000000000000000000000000000000000000                          0000000000                                                                  000036
1021903727600017200000260206200016896                         00000000400276673013000000000000000000000000060216112126/400276600000000400276673013191121000000002000023704159  000000000008200000000000000000000000000000000000000000000000000000000000000000000000000000000000000000000000000000000                          0000000000                                                                  000037
1021903727600017200000260206200016896                         0000000040028776634P000000000000000000000000060216112126/40028770000000040028776634P161121000000003000023704602  000000000008200000000000000000000000000000000000000000000000000000000000000000000000000000000000000000000000000000000                          0000000000                                                                  000038
1021903727600017200000260206200016896                         00000000400303081700000000000000000000000000060216112126/400303000000000400303081700191121000000099000023704151  000000000008200000000000000000000000000000000000000000000000000000000000000000000000000000000000000000000000000000000                          7600000000                                                                  000039
1021903727600017200000260206200016896                         00000000400318999925000000000000000000000000060216112126/400318900000000400318999925191121000000000820023704602  000000000008200000000000000000000000000000000000000000000000000000000000000000000000000000000000000000000000000000000                          7600000000                                                                  000040
1021903727600017200000260206200016896                         00000000400320077407000000000000000000000000060216112126/400320000000000400320077407191121000000002000023704157  000000000008200000000000000000000000000000000000000000000000000000000000000000000000000000000000000000000000000000000                          0000000000                                                                  000041
1021903727600017200000260206200016896                         00000000400323528949000000000000000000000000060216112126/400323500000000400323528949191121000000004000023704143  000000000008200000000000000000000000000000000000000000000000000000000000000000000000000000000000000000000000000000000                          0000000000                                                                  000042
1021903727600017200000260206200016896                         00000000400338474233000000000000000000000000060216112126/400338400000000400338474233191121000000000800023704159  000000000008200000000000000000000000000000000000000000000000000000000000000000000000000000000000000000000000000000000                          0000000000                                                                  000043
1021903727600017200000260206200016896                         00000000400340641864000000000000000000000000060216112126/400340600000000400340641864191121000000001000023700389  000000000008200000000000000000000000000000000000000000000000000000000000000000000000000000000000000000000000000000000                          0000000000                                                                  000044
1021903727600017200000260206200016896                         0000000040036218971P000000000000000000000000060216112126/40036210000000040036218971P191121000000002000023700073  000000000000000000000000000000000000000000000000000000000000000000000000000000000000000000000000000000000000000000000                          7600000000                                                                  000045
1021903727600017200000260206200016896                         00000000400394503955000000000000000000000000060216112126/400394500000000400394503955191121000000000830023704602  000000000008200000000000000000000000000000000000000000000000000000000000000000000000000000000000000000000000000000000                          7600000000                                                                  000046
1021903727600017200000260206200016896                         00000000400414139961000000000000000000000000060216112126/400414100000000400414139961191121000000004000023704602  000000000008200000000000000000000000000000000000000000000000000000000000000000000000000000000000000000000000000000000                          0000000000                                                                  000047
1021903727600017200000260206200016896                         00000000400433137899000000000000000000000000060216112126/400433100000000400433137899191121000000000800023704602  000000000008200000000000000000000000000000000000000000000000000000000000000000000000000000000000000000000000000000000                          7600000000                                                                  000048
1021903727600017200000260206200016896                         00000000400455937430000000000000000000000000060216112126/400455900000000400455937430191121000000003750023704426  000000000008200000000000000000000000000000000000000000000000000000000000000000000000000000000000000000000000000000000                          0000000000                                                                  000049
1021903727600017200000260206200016896                         00000000400466786906000000000000000000000000060216112126/400466700000000400466786906191121000000000800023704159  000000000008200000000000000000000000000000000000000000000000000000000000000000000000000000000000000000000000000000000                          0000000000                                                                  000050
1021903727600017200000260206200016896                         00000000400486943129000000000000000000000000060216112126/400486900000000400486943129191121000000005000023700140  000000000008200000000000000000000000000000000000000000000000000000000000000000000000000000000000000000000000000000000                          0000000000                                                                  000051
1021903727600017200000260206200016896                         00000000400489322087000000000000000000000000060216112126/400489300000000400489322087191121000000002000023704426  000000000008200000000000000000000000000000000000000000000000000000000000000000000000000000000000000000000000000000000                          0000000000                                                                  000052
1021903727600017200000260206200016896                         00000000400491430911000000000000000000000000060216112126/400491400000000400491430911191121000000000800023704159  000000000008200000000000000000000000000000000000000000000000000000000000000000000000000000000000000000000000000000000                          0000000000                                                                  000053
1021903727600017200000260206200016896                         00000000400513936768000000000000000000000000060216112126/400513900000000400513936768191121000000000800023704159  000000000000000000000000000000000000000000000000000000000000000000000000000000000000000000000000000000000000000000000                          0000000000                                                                  000054
1021903727600017200000260206200016896                         00000000400523728403000000000000000000000000060216112126/400523700000000400523728403191121000000000800023704422  000000000008200000000000000000000000000000000000000000000000000000000000000000000000000000000000000000000000000000000                          0000000000                                                                  000055
1021903727600017200000260206200016896                         00000000400524448870000000000000000000000000060216112126/400524400000000400524448870191121000000012000023704147  000000000008200000000000000000000000000000000000000000000000000000000000000000000000000000000000000000000000000000000                          7600000000                                                                  000056
1021903727600017200000260206200016896                         0000000040053952445P000000000000000000000000060216112126/40053950000000040053952445P191121000000012000023704151  000000000008200000000000000000000000000000000000000000000000000000000000000000000000000000000000000000000000000000000                          0000000000                                                                  000057
1021903727600017200000260206200016896                         00000000400562706247000000000000000000000000060216112126/400562700000000400562706247191121000000000800023704422  000000000008200000000000000000000000000000000000000000000000000000000000000000000000000000000000000000000000000000000                          0000000000                                                                  000058
1021903727600017200000260206200016896                         00000000400571143301000000000000000000000000060216112126/400571100000000400571143301161121000000001600023704143  000000000008200000000000000000000000000000000000000000000000000000000000000000000000000000000000000000000000000000000                          0000000000                                                                  000059
1021903727600017200000260206200016896                         00000000400610987148000000000000000000000000060216112126/400610900000000400610987148191121000000002220023704157  000000000008200000000000000000000000000000000000000000000000000000000000000000000000000000000000000000000000000000000                          0000000000                                                                  000060
1021903727600017200000260206200016896                         00000000400624714500000000000000000000000000060216112126/400624700000000400624714500191121000000002000023704157  000000000008200000000000000000000000000000000000000000000000000000000000000000000000000000000000000000000000000000000                          0000000000                                                                  000061
1021903727600017200000260206200016896                         00000000400643080830000000000000000000000000060216112126/400643000000000400643080830191121000000003340023700153  000000000008200000000000000000000000000000000000000000000000000000000000000000000000000000000000000000000000000000000                          0000000000                                                                  000062
1021903727600017200000260206200016896                         00000000400674114253000000000000000000000000060216112126/400674100000000400674114253161121000000001000023700153  000000000008200000000000000000000000000000000000000000000000000000000000000000000000000000000000000000000000000000000                          0000000000                                                                  000063
1021903727600017200000260206200016896                         00000000400681269866000000000000000000000000060216112126/400681200000000400681269866191121000000011000023704157  000000000008200000000000000000000000000000000000000000000000000000000000000000000000000000000000000000000000000000000                          0000000000                                                                  000064
1021903727600017200000260206200016896                         00000000400697720584000000000000000000000000060216112126/400697700000000400697720584191121000000000800023704159  000000000008200000000000000000000000000000000000000000000000000000000000000000000000000000000000000000000000000000000                          0000000000                                                                  000065
1021903727600017200000260206200016896                         00000000400706075131000000000000000000000000060216112126/400706000000000400706075131191121000000000800023704422  000000000008200000000000000000000000000000000000000000000000000000000000000000000000000000000000000000000000000000000                          0000000000                                                                  000066
1021903727600017200000260206200016896                         00000000400722869350000000000000000000000000060216112126/400722800000000400722869350191121000000004200023704152  000000000008200000000000000000000000000000000000000000000000000000000000000000000000000000000000000000000000000000000                          0000000000                                                                  000067
1021903727600017200000260206200016896                         00000000400738609588000000000000000000000000060216112126/400738600000000400738609588191121000000000800023704159  000000000008200000000000000000000000000000000000000000000000000000000000000000000000000000000000000000000000000000000                          0000000000                                                                  000068
1021903727600017200000260206200016896                         0000000040080196508P000000000000000000000000060216112126/40080190000000040080196508P171121000000000800023704151  000000000008200000000000000000000000000000000000000000000000000000000000000000000000000000000000000000000000000000000                          0000000000                                                                  000069
1021903727600017200000260206200016896                         00000000400818997031000000000000000000000000060216112126/400818900000000400818997031191121000000001750023704158  000000000008200000000000000000000000000000000000000000000000000000000000000000000000000000000000000000000000000000000                          0000000000                                                                  000070
1021903727600017200000260206200016896                         00000000400820926990000000000000000000000000060216112126/400820900000000400820926990191121000000000800023704159  000000000008200000000000000000000000000000000000000000000000000000000000000000000000000000000000000000000000000000000                          0000000000                                                                  000071
1021903727600017200000260206200016896                         00000000400822950422000000000000000000000000060216112126/400822900000000400822950422161121000000001120023700140  000000000008200000000000000000000000000000000000000000000000000000000000000000000000000000000000000000000000000000000                          0000000000                                                                  000072
1021903727600017200000260206200016896                         00000000400836111733000000000000000000000000060216112126/400836100000000400836111733191121000000004000023704159  000000000008200000000000000000000000000000000000000000000000000000000000000000000000000000000000000000000000000000000                          0000000000                                                                  000073
1021903727600017200000260206200016896                         00000000400836387704000000000000000000000000060216112126/400836300000000400836387704191121000000000800023704159  000000000008200000000000000000000000000000000000000000000000000000000000000000000000000000000000000000000000000000000                          0000000000                                                                  000074
1021903727600017200000260206200016896                         00000000400845218419000000000000000000000000060216112126/400845200000000400845218419191121000000000800023704422  000000000008200000000000000000000000000000000000000000000000000000000000000000000000000000000000000000000000000000000                          0000000000                                                                  000075
1021903727600017200000260206200016896                         00000000400881499807000000000000000000000000060216112126/400881400000000400881499807191121000000000800023704159  000000000008200000000000000000000000000000000000000000000000000000000000000000000000000000000000000000000000000000000                          0000000000                                                                  000076
1021903727600017200000260206200016896                         00000000400889805893000000000000000000000000060216112126/400889800000000400889805893191121000000000800023704422  000000000008200000000000000000000000000000000000000000000000000000000000000000000000000000000000000000000000000000000                          0000000000                                                                  000077
1021903727600017200000260206200016896                         00000000400893019274000000000000000000000000060216112126/400893000000000400893019274191121000000000800023704159  000000000008200000000000000000000000000000000000000000000000000000000000000000000000000000000000000000000000000000000                          0000000000                                                                  000078
1021903727600017200000260206200016896                         00000000400902786968000000000000000000000000060216112126/400902700000000400902786968191121000000000800023704159  000000000008200000000000000000000000000000000000000000000000000000000000000000000000000000000000000000000000000000000                          0000000000                                                                  000079
1021903727600017200000260206200016896                         00000000400942787517000000000000000000000000060216112126/400942700000000400942787517191121000000000810023704602  000000000008200000000000000000000000000000000000000000000000000000000000000000000000000000000000000000000000000000000                          7600000000                                                                  000080
1021903727600017200000260206200016896                         00000000400970059411000000000000000000000000060216112126/400970000000000400970059411191121000000002520023704154  000000000008200000000000000000000000000000000000000000000000000000000000000000000000000000000000000000000000000000000                          0000000000                                                                  000081
1021903727600017200000260206200016896                         00000000400997771628000000000000000000000000060216112126/400997700000000400997771628191121000000000800023704159  000000000008200000000000000000000000000000000000000000000000000000000000000000000000000000000000000000000000000000000                          0000000000                                                                  000082
1021903727600017200000260206200016896                         00000000600359360482000000000000000000000000060216112126/600359300000000600359360482181121000000000119923704422  000000000008200000000000000000000000000000000000000000000000000000000000000000000000000000000000000000000000000000000                          0000000000                                                                  000083
1021903727600017200000260206200016896                         00000000600920830221000000000000000000000000060216112126/600920800000000600920830221181121000000000319923704400  000000000008200000000000000000000000000000000000000000000000000000000000000000000000000000000000000000000000000000000                          0000000000                                                                  000084
1021903727600017200000260206200016896                         0000000010003191125P000000000000000000000000060616112126/10003190000000010003191125P161121000000006124410404752  000000000000000000000000000000000000000000000000000000000000000000000000000000000000006124400000000000000000000000000   171121             00000000000000                                                                  000085
1021903727600017200000260206200016896                         00000000100031913678000000000000000000000000060616112126/100031900000000100031913678161121000000000897510404124  000000000000000000000000000000000000000000000000000000000000000000000000000000000000000897500000000000000000000000000   171121             00000000000000                                                                  000086
1021903727600017200000260206200016896                         00000000100031917584000000000000000000000000060616112126/100031900000000100031917584161121000000000372063300001  000000000000000000000000000000000000000000000000000000000000000000000000000000000000000372000000000000000000000000000   171121             00000000000000                                                                  000087
1021903727600017200000260206200016896                         00000000100031918009000000000000000000000000060616112126/100031900000000100031918009161121000000022000034106805  000000000000000000000000000000000000000000000000000000000000000000000000000000000000022000000000000000000000000000000   171121             00000000000000                                                                  000088
1021903727600017200000260206200016896                         00000000100031970558000000000000000000000000060616112126/100031900000000100031970558161121000000001575526000001  000000000000000000000000000000000000000000000000000000000000000000000000000000000000001575500000000000000000000000000   171121             00000000000000                                                                  000089
1021903727600017200000260206200016896                         00000000200081237392000000000000000000000000060616112126/200081200000000200081237392161121000000000363821200001  000000000000000000000000000000000000000000000000000000000000000000000000000000000000000363800000000000000000000000000   171121             00000000000000                                                                  000090
1021903727600017200000260206200016896                         00000000200465594923000000000000000000000000060616112126/200465500000000200465594923161121000000000982621200001  000000000000000000000000000000000000000000000000000000000000000000000000000000000000000982600000000000000000000000000   171121             00000000000000                                                                  000091
1021903727600017200000260206200016896                         00000000200530937787000000000000000000000000060616112126/200530900000000200530937787171121000000000545421200001  000000000000000000000000000000000000000000000000000000000000000000000000000000000000000545400000000000000000000000000   171121             00000000000000                                                                  000092
1021903727600017200000260206200016896                         00000000200625024878000000000000000000000000060616112126/200625000000000200625024878171121000000001582663300001  000000000000000000000000000000000000000000000000000000000000000000000000000000000000001582600000000000000000000000000   171121             00000000000000                                                                  000093
1021903727600017200000260206200016896                         00000000200678968509000000000000000000000000060616112126/200678900000000200678968509161121000000000982621200001  000000000000000000000000000000000000000000000000000000000000000000000000000000000000000982600000000000000000000000000   171121             00000000000000                                                                  000094
1021903727600017200000260206200016896                         00000000200808613392000000000000000000000000060616112126/200808600000000200808613392171121000000001173203302271  000000000000000000000000000000000000000000000000000000000000000000000000000000000000001173200000000000000000000000000   171121             00000000000000                                                                  000095
1021903727600017200000260206200016896                         00000000200913676774000000000000000000000000060616112126/200913600000000200913676774171121000000000347510404415  000000000000000000000000000000000000000000000000000000000000000000000000000000000000000347500000000000000000000000000   171121             00000000000000                                                                  000096
1021903727600017200000260206200016896                         00000000400043686506000000000000000000000000060616112126/400043600000000400043686506181121000000005000000100922  000000000000000000000000000000000000000000000000000000000000000000000000000000000000005000000000000000000000000000000   171121             00000000000000                                                                  000097
1021903727600017200000260206200016896                         00000000400122346230000000000000000000000000060616112126/400122300000000400122346230191121000000008500007700001  000000000000000000000000000000000000000000000000000000000000000000000000000000000000008500000000000000000000000000000   171121             00000000000000                                                                  000098
1021903727600017200000260206200016896                         00000000400223728282000000000000000000000000060616112126/400223700000000400223728282191121000000002500026000001  000000000000000000000000000000000000000000000000000000000000000000000000000000000000002500000000000000000000000000000   171121             00000000000000                                                                  000099
1021903727600017200000260206200016896                         00000000400231126496000000000000000000000000060616112126/400231100000000400231126496191121000000007000075604327  000000000000000000000000000000000000000000000000000000000000000000000000000000000000007000000000000000000000000000000   171121             00000000000000                                                                  000100
1021903727600017200000260206200016896                         00000000400235171283000000000000000000000000060616112126/400235100000000400235171283191121000000000800010403189  000000000000000000000000000000000000000000000000000000000000000000000000000000000000000800000000000000000000000000000   171121             00000000000000                                                                  000101
1021903727600017200000260206200016896                         00000000400263525678000000000000000000000000060616112126/400263500000000400263525678191121000000002000065500001  000000000000000000000000000000000000000000000000000000000000000000000000000000000000002000000000000000000000000000000   171121             00000000000000                                                                  000102
1021903727600017200000260206200016896                         00000000400303081700000000000000000000000000060616112126/400303000000000400303081700191121000000099000033600001  000000000000000000000000000000000000000000000000000000000000000000000000000000000000099000000000000000000000000000000   171121             00000000000000                                                                  000103
1021903727600017200000260206200016896                         00000000400323528949000000000000000000000000060616112126/400323500000000400323528949191121000000004000010403646  000000000000000000000000000000000000000000000000000000000000000000000000000000000000004000000000000000000000000000000   171121             00000000000000                                                                  000104
1021903727600017200000260206200016896                         00000000400340641864000000000000000000000000060616112126/400340600000000400340641864191121000000001000010402047  000000000000000000000000000000000000000000000000000000000000000000000000000000000000001000000000000000000000000000000   171121             00000000000000                                                                  000105
1021903727600017200000260206200016896                         00000000400374275522000000000000000000000000060616112126/400374200000000400374275522151121000000002750010400422  000000000000000000000000000000000000000000000000000000000000000000000000000000000000002750000000000000000000000000000   171121             00000000000000                                                                  000106
1021903727600017200000260206200016896                         00000000400414139961000000000000000000000000060616112126/400414100000000400414139961191121000000004000010400142  000000000000000000000000000000000000000000000000000000000000000000000000000000000000004000000000000000000000000000000   171121             00000000000000                                                                  000107
1021903727600017200000260206200016896                         00000000400455937430000000000000000000000000060616112126/400455900000000400455937430191121000000003750004100377  000000000000000000000000000000000000000000000000000000000000000000000000000000000000003750000000000000000000000000000   171121             00000000000000                                                                  000108
1021903727600017200000260206200016896                         00000000400486943129000000000000000000000000060616112126/400486900000000400486943129191121000000005000007000264  000000000000000000000000000000000000000000000000000000000000000000000000000000000000005000000000000000000000000000000   171121             00000000000000                                                                  000109
1021903727600017200000260206200016896                         00000000400523728403000000000000000000000000060616112126/400523700000000400523728403191121000000000800065500001  000000000000000000000000000000000000000000000000000000000000000000000000000000000000000800000000000000000000000000000   171121             00000000000000                                                                  000110
1021903727600017200000260206200016896                         00000000400524448870000000000000000000000000060616112126/400524400000000400524448870191121000000012000023701380  000000000000000000000000000000000000000000000000000000000000000000000000000000000000012000000000000000000000000000000   171121             00000000000000                                                                  000111
1021903727600017200000260206200016896                         0000000040053952445P000000000000000000000000060616112126/40053950000000040053952445P191121000000012000010400977  000000000000000000000000000000000000000000000000000000000000000000000000000000000000012000000000000000000000000000000   171121             00000000000000                                                                  000112
1021903727600017200000260206200016896                         00000000400562706247000000000000000000000000060616112126/400562700000000400562706247191121000000000800065500001  000000000000000000000000000000000000000000000000000000000000000000000000000000000000000800000000000000000000000000000   171121             00000000000000                                                                  000113
1021903727600017200000260206200016896                         00000000400643080830000000000000000000000000060616112126/400643000000000400643080830191121000000003340023705889  000000000000000000000000000000000000000000000000000000000000000000000000000000000000003340000000000000000000000000000   171121             00000000000000                                                                  000114
1021903727600017200000260206200016896                         00000000400681269866000000000000000000000000060616112126/400681200000000400681269866191121000000011000023703929  000000000000000000000000000000000000000000000000000000000000000000000000000000000000011000000000000000000000000000000   171121             00000000000000                                                                  000115
1021903727600017200000260206200016896                         00000000400706075131000000000000000000000000060616112126/400706000000000400706075131191121000000000800065500001  000000000000000000000000000000000000000000000000000000000000000000000000000000000000000800000000000000000000000000000   171121             00000000000000                                                                  000116
1021903727600017200000260206200016896                         00000000400722869350000000000000000000000000060616112126/400722800000000400722869350191121000000004200010404232  000000000000000000000000000000000000000000000000000000000000000000000000000000000000004200000000000000000000000000000   171121             00000000000000                                                                  000117
1021903727600017200000260206200016896                         0000000040080196508P000000000000000000000000060616112126/40080190000000040080196508P171121000000000800063300001  000000000000000000000000000000000000000000000000000000000000000000000000000000000000000800000000000000000000000000000   171121             00000000000000                                                                  000118
1021903727600017200000260206200016896                         00000000400818997031000000000000000000000000060616112126/400818900000000400818997031191121000000001750000102020  000000000000000000000000000000000000000000000000000000000000000000000000000000000000001750000000000000000000000000000   171121             00000000000000                                                                  000119
1021903727600017200000260206200016896                         00000000400822950422000000000000000000000000060616112126/400822900000000400822950422161121000000001120010403136  000000000000000000000000000000000000000000000000000000000000000000000000000000000000001120000000000000000000000000000   171121             00000000000000                                                                  000120
1021903727600017200000260206200016896                         00000000400836111733000000000000000000000000060616112126/400836100000000400836111733191121000000004000075604327  000000000000000000000000000000000000000000000000000000000000000000000000000000000000004000000000000000000000000000000   171121             00000000000000                                                                  000121
1021903727600017200000260206200016896                         00000000400845218419000000000000000000000000060616112126/400845200000000400845218419191121000000000800065500001  000000000000000000000000000000000000000000000000000000000000000000000000000000000000000800000000000000000000000000000   171121             00000000000000                                                                  000122
1021903727600017200000260206200016896                         00000000400889805893000000000000000000000000060616112126/400889800000000400889805893191121000000000800065500001  000000000000000000000000000000000000000000000000000000000000000000000000000000000000000800000000000000000000000000000   171121             00000000000000                                                                  000123
1021903727600017200000260206200016896                         00000000200198974010000000000000000000000000061016112126/200198900000000200198974010140921000000000319923700000  000000000000000000000000000000000000000000000000000000000000000000000000000000000000000000000000000000000000000000000                          1600000000                                                                  000124
1021903727600017200000260206200016896                         00000000200301419942000000000000000000000000061016112126/200301400000000200301419942140921000000000413323700000  000000000000000000000000000000000000000000000000000000000000000000000000000000000000000000000000000000000000000000000                          1600000000                                                                  000125
1021903727600017200000260206200016896                         00000000200313783941000000000000000000000000061016112126/200313700000000200313783941150921000000000193123700000  000000000000000000000000000000000000000000000000000000000000000000000000000000000000000000000000000000000000000000000                          1600000000                                                                  000126
1021903727600017200000260206200016896                         00000000200444335014000000000000000000000000061016112126/200444300000000200444335014160921000000000429323700000  000000000000000000000000000000000000000000000000000000000000000000000000000000000000000000000000000000000000000000000                          1600000000                                                                  000127
1021903727600017200000260206200016896                         00000000200572323932000000000000000000000000061016112126/200572300000000200572323932130921000000000519923700000  000000000000000000000000000000000000000000000000000000000000000000000000000000000000000000000000000000000000000000000                          1600000000                                                                  000128
1021903727600017200000260206200016896                         00000000200625633394000000000000000000000000061016112126/200625600000000200625633394140921000000000429123700000  000000000000000000000000000000000000000000000000000000000000000000000000000000000000000000000000000000000000000000000                          1600000000                                                                  000129
1021903727600017200000260206200016896                         00000000200973600564000000000000000000000000061016112126/200973600000000200973600564130921000000000149923700000  000000000000000000000000000000000000000000000000000000000000000000000000000000000000000000000000000000000000000000000                          1600000000                                                                  000130
1021903727600017200000260206200016896                         00000000400098369186000000000000000000000000061016112126/400098300000000400098369186150921000000001080023700000  000000000000000000000000000000000000000000000000000000000000000000000000000000000000000000000000000000000000000000000                          1600000000                                                                  000131
1021903727600017200000260206200016896                         00000000400131197310000000000000000000000000061016112126/400131100000000400131197310140921000000000800023700000  000000000000000000000000000000000000000000000000000000000000000000000000000000000000000000000000000000000000000000000                          1600000000                                                                  000132
1021903727600017200000260206200016896                         0000000040016404448P000000000000000000000000061016112126/40016400000000040016404448P160921000000005000023700000  000000000000000000000000000000000000000000000000000000000000000000000000000000000000000000000000000000000000000000000                          1600000000                                                                  000133
1021903727600017200000260206200016896                         00000000400195518080000000000000000000000000061016112126/400195500000000400195518080130921000000007500023700000  000000000000000000000000000000000000000000000000000000000000000000000000000000000000000000000000000000000000000000000                          1600000000                                                                  000134
1021903727600017200000260206200016896                         00000000400275765747000000000000000000000000061016112126/400275700000000400275765747160921000000050000023700000  000000000000000000000000000000000000000000000000000000000000000000000000000000000000000000000000000000000000000000000                          1600000000                                                                  000135
1021903727600017200000260206200016896                         00000000400347556048000000000000000000000000061016112126/400347500000000400347556048130921000000002000023700000  000000000000000000000000000000000000000000000000000000000000000000000000000000000000000000000000000000000000000000000                          1600000000                                                                  000136
1021903727600017200000260206200016896                         00000000400357514009000000000000000000000000061016112126/400357500000000400357514009130921000000000800023700000  000000000000000000000000000000000000000000000000000000000000000000000000000000000000000000000000000000000000000000000                          1600000000                                                                  000137
1021903727600017200000260206200016896                         00000000400473469711000000000000000000000000061016112126/400473400000000400473469711140921000000000800023700000  000000000000000000000000000000000000000000000000000000000000000000000000000000000000000000000000000000000000000000000                          1600000000                                                                  000138
1021903727600017200000260206200016896                         00000000400479386834000000000000000000000000061016112126/400479300000000400479386834160921000000002600023700000  000000000000000000000000000000000000000000000000000000000000000000000000000000000000000000000000000000000000000000000                          1600000000                                                                  000139
1021903727600017200000260206200016896                         00000000400510985954000000000000000000000000061016112126/400510900000000400510985954130921000000002200023700000  000000000000000000000000000000000000000000000000000000000000000000000000000000000000000000000000000000000000000000000                          1600000000                                                                  000140
1021903727600017200000260206200016896                         0000000040051879967P000000000000000000000000061016112126/40051870000000040051879967P130921000000012000023700000  000000000000000000000000000000000000000000000000000000000000000000000000000000000000000000000000000000000000000000000                          1600000000                                                                  000141
1021903727600017200000260206200016896                         00000000400566994336000000000000000000000000061016112126/400566900000000400566994336130921000000005000023700000  000000000000000000000000000000000000000000000000000000000000000000000000000000000000000000000000000000000000000000000                          1600000000                                                                  000142
1021903727600017200000260206200016896                         00000000400571664964000000000000000000000000061016112126/400571600000000400571664964160921000000012000023700000  000000000000000000000000000000000000000000000000000000000000000000000000000000000000000000000000000000000000000000000                          1600000000                                                                  000143
1021903727600017200000260206200016896                         00000000400579923357000000000000000000000000061016112126/400579900000000400579923357150921000000005000023700000  000000000000000000000000000000000000000000000000000000000000000000000000000000000000000000000000000000000000000000000                          1600000000                                                                  000144
1021903727600017200000260206200016896                         00000000400619065634000000000000000000000000061016112126/400619000000000400619065634130921000000001790023700000  000000000000000000000000000000000000000000000000000000000000000000000000000000000000000000000000000000000000000000000                          1600000000                                                                  000145
1021903727600017200000260206200016896                         00000000400830867739000000000000000000000000061016112126/400830800000000400830867739130921000000000800023700000  000000000000000000000000000000000000000000000000000000000000000000000000000000000000000000000000000000000000000000000                          1600000000                                                                  000146
1021903727600017200000260206200016896                         00000000400871981597000000000000000000000000061016112126/400871900000000400871981597140921000000000800023700000  000000000000000000000000000000000000000000000000000000000000000000000000000000000000000000000000000000000000000000000                          1600000000                                                                  000147
1021903727600017200000260206200016896                         00000000400926231460000000000000000000000000061016112126/400926200000000400926231460130921000000001000023700000  000000000000000000000000000000000000000000000000000000000000000000000000000000000000000000000000000000000000000000000                          1600000000                                                                  000148
1021903727600017200000260206200016896                         0000000040093924877P000000000000000000000000061016112126/40093920000000040093924877P140921000000000800023700000  000000000000000000000000000000000000000000000000000000000000000000000000000000000000000000000000000000000000000000000                          1600000000                                                                  000149
1021903727600017200000260206200016896                         00000000600320999052000000000000000000000000061016112126/600320900000000600320999052140921000000000069923700000  000000000000000000000000000000000000000000000000000000000000000000000000000000000000000000000000000000000000000000000                          1600000000                                                                  000150
1021903727600017200000260206200016896                         00000000600852638325000000000000000000000000061016112126/600852600000000600852638325130921000000000069923700000  000000000000000000000000000000000000000000000000000000000000000000000000000000000000000000000000000000000000000000000                          1600000000                                                                  000151
9201237          000003900000000797533100000808          00083000002862752000002364571000390000023645710002800000114564300000000000000000000000000000000000000000000000000000000000000000000                                                                                                                                                                              00000000000000000000000         000152
