02RETORNO01COBRANCA       00000000000005034448E-PREPAG ADMINISTRADORA DE CAR237BRADESCO       1609210160000000768                                                                                                                                                                                                                                                                          170921         000001
1021903727600017200000260206200016896                         0000000020002792337P000000000000000000000000060216092126/20002790000000020002792337P190921000000000500023704151  000000000008200000000000000000000000000000000000000000000000000000000000000000000000000000000000000000000000000000000                          0000000000                                                                  000002
1021903727600017200000260206200016896                         00000000200108466976000000000000000000000000060216092126/200108400000000200108466976190921000000000049923704436  000000000008200000000000000000000000000000000000000000000000000000000000000000000000000000000000000000000000000000000                          7600000000                                                                  000003
1021903727600017200000260206200016896                         00000000200113912011000000000000000000000000060216092126/200113900000000200113912011190921000000000942623704154  000000000008200000000000000000000000000000000000000000000000000000000000000000000000000000000000000000000000000000000                          7600000000                                                                  000004
1021903727600017200000260206200016896                         00000000200155179780000000000000000000000000060216092126/200155100000000200155179780190921000000001570523704154  000000000008200000000000000000000000000000000000000000000000000000000000000000000000000000000000000000000000000000000                          0000000000                                                                  000005
1021903727600017200000260206200016896                         00000000200304761420000000000000000000000000060216092126/200304700000000200304761420190921000000000780023703162  000000000008200000000000000000000000000000000000000000000000000000000000000000000000000000000000000000000000000000000                          0000000000                                                                  000006
1021903727600017200000260206200016896                         00000000200385439811000000000000000000000000060216092126/200385400000000200385439811190921000000000490723704400  000000000008200000000000000000000000000000000000000000000000000000000000000000000000000000000000000000000000000000000                          7600000000                                                                  000007
1021903727600017200000260206200016896                         00000000200385775153000000000000000000000000060216092126/200385700000000200385775153190921000000002000023704151  000000000008200000000000000000000000000000000000000000000000000000000000000000000000000000000000000000000000000000000                          0000000000                                                                  000008
1021903727600017200000260206200016896                         00000000200509559381000000000000000000000000060216092126/200509500000000200509559381190921000000000049923704436  000000000008200000000000000000000000000000000000000000000000000000000000000000000000000000000000000000000000000000000                          7600000000                                                                  000009
1021903727600017200000260206200016896                         00000000200577759836000000000000000000000000060216092126/200577700000000200577759836190921000000000049923704152  000000000008200000000000000000000000000000000000000000000000000000000000000000000000000000000000000000000000000000000                          0000000000                                                                  000010
1021903727600017200000260206200016896                         00000000200705410361000000000000000000000000060216092126/200705400000000200705410361190921000000000269923704424  000000000008200000000000000000000000000000000000000000000000000000000000000000000000000000000000000000000000000000000                          7600000000                                                                  000011
1021903727600017200000260206200016896                         00000000200769198234000000000000000000000000060216092126/200769100000000200769198234190921000000000438323704400  000000000008200000000000000000000000000000000000000000000000000000000000000000000000000000000000000000000000000000000                          7600000000                                                                  000012
1021903727600017200000260206200016896                         00000000200832280876000000000000000000000000060216092126/200832200000000200832280876190921000000000309923700073  000000000008200000000000000000000000000000000000000000000000000000000000000000000000000000000000000000000000000000000                          0000000000                                                                  000013
1021903727600017200000260206200016896                         00000000400037093447000000000000000000000000060216092126/400037000000000400037093447190921000000001000023700320  000000000008200000000000000000000000000000000000000000000000000000000000000000000000000000000000000000000000000000000                          0000000000                                                                  000014
1021903727600017200000260206200016896                         00000000400061815836000000000000000000000000060216092126/400061800000000400061815836190921000000006000023704143  000000000008200000000000000000000000000000000000000000000000000000000000000000000000000000000000000000000000000000000                          7600000000                                                                  000015
1021903727600017200000260206200016896                         00000000400128858756000000000000000000000000060216092126/400128800000000400128858756190921000000001100023704426  000000000008200000000000000000000000000000000000000000000000000000000000000000000000000000000000000000000000000000000                          7600000000                                                                  000016
1021903727600017200000260206200016896                         0000000040013453671P000000000000000000000000060216092126/40013450000000040013453671P190921000000001000023700435  000000000008200000000000000000000000000000000000000000000000000000000000000000000000000000000000000000000000000000000                          0000000000                                                                  000017
1021903727600017200000260206200016896                         00000000400139942619000000000000000000000000060216092126/400139900000000400139942619190921000000010000023704143  000000000008200000000000000000000000000000000000000000000000000000000000000000000000000000000000000000000000000000000                          0000000000                                                                  000018
1021903727600017200000260206200016896                         00000000400142613049000000000000000000000000060216092126/400142600000000400142613049190921000000005000023704422  000000000008200000000000000000000000000000000000000000000000000000000000000000000000000000000000000000000000000000000                          0000000000                                                                  000019
1021903727600017200000260206200016896                         00000000400179756214000000000000000000000000060216092126/400179700000000400179756214190921000000003800023704159  000000000008200000000000000000000000000000000000000000000000000000000000000000000000000000000000000000000000000000000                          0000000000                                                                  000020
1021903727600017200000260206200016896                         00000000400182087862000000000000000000000000060216092126/400182000000000400182087862190921000000005000023704452  000000000008200000000000000000000000000000000000000000000000000000000000000000000000000000000000000000000000000000000                          0000000000                                                                  000021
1021903727600017200000260206200016896                         00000000400191721647000000000000000000000000060216092126/400191700000000400191721647190921000000010000023704452  000000000008200000000000000000000000000000000000000000000000000000000000000000000000000000000000000000000000000000000                          0000000000                                                                  000022
1021903727600017200000260206200016896                         00000000400198243538000000000000000000000000060216092126/400198200000000400198243538190921000000001000023704426  000000000008200000000000000000000000000000000000000000000000000000000000000000000000000000000000000000000000000000000                          0000000000                                                                  000023
1021903727600017200000260206200016896                         00000000400208172774000000000000000000000000060216092126/400208100000000400208172774190921000000000820023702062  000000000008200000000000000000000000000000000000000000000000000000000000000000000000000000000000000000000000000000000                          0000000000                                                                  000024
1021903727600017200000260206200016896                         00000000400241988674000000000000000000000000060216092126/400241900000000400241988674190921000000001500023704151  000000000008200000000000000000000000000000000000000000000000000000000000000000000000000000000000000000000000000000000                          0000000000                                                                  000025
1021903727600017200000260206200016896                         00000000400251429681000000000000000000000000060216092126/400251400000000400251429681190921000000001500023704159  000000000008200000000000000000000000000000000000000000000000000000000000000000000000000000000000000000000000000000000                          0000000000                                                                  000026
1021903727600017200000260206200016896                         0000000040026389438P000000000000000000000000060216092126/40026380000000040026389438P190921000000005000023704159  000000000008200000000000000000000000000000000000000000000000000000000000000000000000000000000000000000000000000000000                          0000000000                                                                  000027
1021903727600017200000260206200016896                         00000000400269413065000000000000000000000000060216092126/400269400000000400269413065190921000000001960023703162  000000000008200000000000000000000000000000000000000000000000000000000000000000000000000000000000000000000000000000000                          0000000000                                                                  000028
1021903727600017200000260206200016896                         00000000400275149728000000000000000000000000060216092126/400275100000000400275149728190921000000004000023704426  000000000008200000000000000000000000000000000000000000000000000000000000000000000000000000000000000000000000000000000                          0000000000                                                                  000029
1021903727600017200000260206200016896                         00000000400281737380000000000000000000000000060216092126/400281700000000400281737380190921000000003420023704143  000000000008200000000000000000000000000000000000000000000000000000000000000000000000000000000000000000000000000000000                          7600000000                                                                  000030
1021903727600017200000260206200016896                         00000000400329924390000000000000000000000000060216092126/400329900000000400329924390190921000000008400023700140  000000000008200000000000000000000000000000000000000000000000000000000000000000000000000000000000000000000000000000000                          0000000000                                                                  000031
1021903727600017200000260206200016896                         00000000400365417357000000000000000000000000060216092126/400365400000000400365417357190921000000000940023704159  000000000008200000000000000000000000000000000000000000000000000000000000000000000000000000000000000000000000000000000                          0000000000                                                                  000032
1021903727600017200000260206200016896                         00000000400409762448000000000000000000000000060216092126/400409700000000400409762448190921000000002000023704452  000000000008200000000000000000000000000000000000000000000000000000000000000000000000000000000000000000000000000000000                          7600000000                                                                  000033
1021903727600017200000260206200016896                         00000000400426866907000000000000000000000000060216092126/400426800000000400426866907190921000000005000023704154  000000000008200000000000000000000000000000000000000000000000000000000000000000000000000000000000000000000000000000000                          0000000000                                                                  000034
1021903727600017200000260206200016896                         00000000400439285962000000000000000000000000060216092126/400439200000000400439285962190921000000002000023704154  000000000008200000000000000000000000000000000000000000000000000000000000000000000000000000000000000000000000000000000                          0000000000                                                                  000035
1021903727600017200000260206200016896                         00000000400444516689000000000000000000000000060216092126/400444500000000400444516689190921000000150000023704143  000000000000000000000000000000000000000000000000000000000000000000000000000000000000000000000000000000000000000000000                          0000000000                                                                  000036
1021903727600017200000260206200016896                         00000000400454370909000000000000000000000000060216092126/400454300000000400454370909190921000000000840023702062  000000000008200000000000000000000000000000000000000000000000000000000000000000000000000000000000000000000000000000000                          0000000000                                                                  000037
1021903727600017200000260206200016896                         00000000400482093775000000000000000000000000060216092126/400482000000000400482093775190921000000004000023704602  000000000008200000000000000000000000000000000000000000000000000000000000000000000000000000000000000000000000000000000                          0000000000                                                                  000038
1021903727600017200000260206200016896                         00000000400487766301000000000000000000000000060216092126/400487700000000400487766301190921000000004000023704422  000000000008200000000000000000000000000000000000000000000000000000000000000000000000000000000000000000000000000000000                          0000000000                                                                  000039
1021903727600017200000260206200016896                         00000000400546627671000000000000000000000000060216092126/400546600000000400546627671190921000000002150023704158  000000000008200000000000000000000000000000000000000000000000000000000000000000000000000000000000000000000000000000000                          0000000000                                                                  000040
1021903727600017200000260206200016896                         00000000400551180898000000000000000000000000060216092126/400551100000000400551180898190921000000001000023704159  000000000008200000000000000000000000000000000000000000000000000000000000000000000000000000000000000000000000000000000                          7600000000                                                                  000041
1021903727600017200000260206200016896                         00000000400554943299000000000000000000000000060216092126/400554900000000400554943299190921000000003000023700321  000000000000000000000000000000000000000000000000000000000000000000000000000000000000000000000000000000000000000000000                          0000000000                                                                  000042
1021903727600017200000260206200016896                         00000000400571338390000000000000000000000000060216092126/400571300000000400571338390190921000000004000023704159  000000000008200000000000000000000000000000000000000000000000000000000000000000000000000000000000000000000000000000000                          0000000000                                                                  000043
1021903727600017200000260206200016896                         0000000040058046627P000000000000000000000000060216092126/40058040000000040058046627P190921000000012000023704154  000000000008200000000000000000000000000000000000000000000000000000000000000000000000000000000000000000000000000000000                          0000000000                                                                  000044
1021903727600017200000260206200016896                         00000000400603090221000000000000000000000000060216092126/400603000000000400603090221190921000000008000023704157  000000000008200000000000000000000000000000000000000000000000000000000000000000000000000000000000000000000000000000000                          0000000000                                                                  000045
1021903727600017200000260206200016896                         00000000400607418833000000000000000000000000060216092126/400607400000000400607418833190921000000001000023700140  000000000008200000000000000000000000000000000000000000000000000000000000000000000000000000000000000000000000000000000                          0000000000                                                                  000046
1021903727600017200000260206200016896                         0000000040061942653P000000000000000000000000060216092126/40061940000000040061942653P190921000000000850023702062  000000000008200000000000000000000000000000000000000000000000000000000000000000000000000000000000000000000000000000000                          0000000000                                                                  000047
1021903727600017200000260206200016896                         00000000400661456384000000000000000000000000060216092126/400661400000000400661456384190921000000005000023704452  000000000008200000000000000000000000000000000000000000000000000000000000000000000000000000000000000000000000000000000                          7600000000                                                                  000048
1021903727600017200000260206200016896                         00000000400678803525000000000000000000000000060216092126/400678800000000400678803525190921000000000800023704452  000000000008200000000000000000000000000000000000000000000000000000000000000000000000000000000000000000000000000000000                          0000000000                                                                  000049
1021903727600017200000260206200016896                         0000000040070851387P000000000000000000000000060216092126/40070850000000040070851387P190921000000012000023704147  000000000008200000000000000000000000000000000000000000000000000000000000000000000000000000000000000000000000000000000                          7600000000                                                                  000050
1021903727600017200000260206200016896                         00000000400716433699000000000000000000000000060216092126/400716400000000400716433699190921000000003500023704426  000000000008200000000000000000000000000000000000000000000000000000000000000000000000000000000000000000000000000000000                          7600000000                                                                  000051
1021903727600017200000260206200016896                         00000000400720454404000000000000000000000000060216092126/400720400000000400720454404190921000000005000023704151  000000000008200000000000000000000000000000000000000000000000000000000000000000000000000000000000000000000000000000000                          0000000000                                                                  000052
1021903727600017200000260206200016896                         00000000400731866089000000000000000000000000060216092126/400731800000000400731866089190921000000020000023704452  000000000008200000000000000000000000000000000000000000000000000000000000000000000000000000000000000000000000000000000                          0000000000                                                                  000053
1021903727600017200000260206200016896                         00000000400732177589000000000000000000000000060216092126/400732100000000400732177589190921000000003500023704602  000000000000000000000000000000000000000000000000000000000000000000000000000000000000000000000000000000000000000000000                          0000000000                                                                  000054
1021903727600017200000260206200016896                         00000000400742283204000000000000000000000000060216092126/400742200000000400742283204190921000000000830023702062  000000000008200000000000000000000000000000000000000000000000000000000000000000000000000000000000000000000000000000000                          0000000000                                                                  000055
1021903727600017200000260206200016896                         00000000400745498341000000000000000000000000060216092126/400745400000000400745498341190921000000003500023704143  000000000008200000000000000000000000000000000000000000000000000000000000000000000000000000000000000000000000000000000                          0000000000                                                                  000056
1021903727600017200000260206200016896                         00000000400757572296000000000000000000000000060216092126/400757500000000400757572296190921000000002000023704143  000000000008200000000000000000000000000000000000000000000000000000000000000000000000000000000000000000000000000000000                          0000000000                                                                  000057
1021903727600017200000260206200016896                         00000000400807389609000000000000000000000000060216092126/400807300000000400807389609190921000000011000023704157  000000000008200000000000000000000000000000000000000000000000000000000000000000000000000000000000000000000000000000000                          0000000000                                                                  000058
1021903727600017200000260206200016896                         00000000400822854253000000000000000000000000060216092126/400822800000000400822854253190921000000017000023704157  000000000008200000000000000000000000000000000000000000000000000000000000000000000000000000000000000000000000000000000                          0000000000                                                                  000059
1021903727600017200000260206200016896                         00000000400829712012000000000000000000000000060216092126/400829700000000400829712012190921000000002000023704154  000000000008200000000000000000000000000000000000000000000000000000000000000000000000000000000000000000000000000000000                          7600000000                                                                  000060
1021903727600017200000260206200016896                         00000000400847689400000000000000000000000000060216092126/400847600000000400847689400190921000000004550023700389  000000000008200000000000000000000000000000000000000000000000000000000000000000000000000000000000000000000000000000000                          0000000000                                                                  000061
1021903727600017200000260206200016896                         00000000400850060424000000000000000000000000060216092126/400850000000000400850060424190921000000000800023700320  000000000008200000000000000000000000000000000000000000000000000000000000000000000000000000000000000000000000000000000                          0000000000                                                                  000062
1021903727600017200000260206200016896                         00000000400856810298000000000000000000000000060216092126/400856800000000400856810298190921000000000810023702062  000000000008200000000000000000000000000000000000000000000000000000000000000000000000000000000000000000000000000000000                          0000000000                                                                  000063
1021903727600017200000260206200016896                         00000000400878947084000000000000000000000000060216092126/400878900000000400878947084190921000000003600023704154  000000000008200000000000000000000000000000000000000000000000000000000000000000000000000000000000000000000000000000000                          0000000000                                                                  000064
1021903727600017200000260206200016896                         00000000400884357558000000000000000000000000060216092126/400884300000000400884357558190921000000004300023704143  000000000008200000000000000000000000000000000000000000000000000000000000000000000000000000000000000000000000000000000                          7600000000                                                                  000065
1021903727600017200000260206200016896                         00000000400895577037000000000000000000000000060216092126/400895500000000400895577037190921000000000900023704422  000000000008200000000000000000000000000000000000000000000000000000000000000000000000000000000000000000000000000000000                          0000000000                                                                  000066
1021903727600017200000260206200016896                         00000000400896240907000000000000000000000000060216092126/400896200000000400896240907190921000000002290023704159  000000000008200000000000000000000000000000000000000000000000000000000000000000000000000000000000000000000000000000000                          0000000000                                                                  000067
1021903727600017200000260206200016896                         00000000400897795805000000000000000000000000060216092126/400897700000000400897795805190921000000001730023700140  000000000008200000000000000000000000000000000000000000000000000000000000000000000000000000000000000000000000000000000                          0000000000                                                                  000068
1021903727600017200000260206200016896                         00000000400899127532000000000000000000000000060216092126/400899100000000400899127532190921000000001000023704452  000000000008200000000000000000000000000000000000000000000000000000000000000000000000000000000000000000000000000000000                          0000000000                                                                  000069
1021903727600017200000260206200016896                         00000000400906181483000000000000000000000000060216092126/400906100000000400906181483190921000000005000023700435  000000000008200000000000000000000000000000000000000000000000000000000000000000000000000000000000000000000000000000000                          0000000000                                                                  000070
1021903727600017200000260206200016896                         00000000400935395212000000000000000000000000060216092126/400935300000000400935395212190921000000002000023704143  000000000008200000000000000000000000000000000000000000000000000000000000000000000000000000000000000000000000000000000                          0000000000                                                                  000071
1021903727600017200000260206200016896                         00000000400950710477000000000000000000000000060216092126/400950700000000400950710477190921000000002000023704400  000000000008200000000000000000000000000000000000000000000000000000000000000000000000000000000000000000000000000000000                          0000000000                                                                  000072
1021903727600017200000260206200016896                         00000000400956334892000000000000000000000000060216092126/400956300000000400956334892190921000000000800023702062  000000000008200000000000000000000000000000000000000000000000000000000000000000000000000000000000000000000000000000000                          0000000000                                                                  000073
1021903727600017200000260206200016896                         00000000400983836174000000000000000000000000060216092126/400983800000000400983836174190921000000000800023704422  000000000008200000000000000000000000000000000000000000000000000000000000000000000000000000000000000000000000000000000                          0000000000                                                                  000074
1021903727600017200000260206200016896                         00000000400986010099000000000000000000000000060216092126/400986000000000400986010099190921000000004000023700320  000000000008200000000000000000000000000000000000000000000000000000000000000000000000000000000000000000000000000000000                          0000000000                                                                  000075
1021903727600017200000260206200016896                         00000000600113296181000000000000000000000000060216092126/600113200000000600113296181190921000000000079923704452  000000000000000000000000000000000000000000000000000000000000000000000000000000000000000000000000000000000000000000000                          0000000000                                                                  000076
1021903727600017200000260206200016896                         00000000600526719021000000000000000000000000060216092126/600526700000000600526719021190921000000000119923704452  000000000008200000000000000000000000000000000000000000000000000000000000000000000000000000000000000000000000000000000                          7600000000                                                                  000077
1021903727600017200000260206200016896                         00000000600550755977000000000000000000000000060216092126/600550700000000600550755977190921000000000139923702062  000000000008200000000000000000000000000000000000000000000000000000000000000000000000000000000000000000000000000000000                          0000000000                                                                  000078
1021903727600017200000260206200016896                         00000000600643438416000000000000000000000000060216092126/600643400000000600643438416190921000000000069923704152  000000000008200000000000000000000000000000000000000000000000000000000000000000000000000000000000000000000000000000000                          0000000000                                                                  000079
1021903727600017200000260206200016896                         00000000600773838246000000000000000000000000060216092126/600773800000000600773838246190921000000000269923704424  000000000008200000000000000000000000000000000000000000000000000000000000000000000000000000000000000000000000000000000                          7600000000                                                                  000080
1021903727600017200000260206200016896                         00000000600814685433000000000000000000000000060216092126/600814600000000600814685433190921000000000069923704152  000000000008200000000000000000000000000000000000000000000000000000000000000000000000000000000000000000000000000000000                          0000000000                                                                  000081
1021903727600017200000260206200016896                         00000000400667740467000000000000000000000000060316092126/400667700000000400667740467180921000000002500023704426  000000000000000000000000000000000000000000000000000000000000000000000000000000000000000000000000000000000000000000000                          0900000000                                                                  000082
1021903727600017200000260206200016896                         00000000100031382095000000000000000000000000060616092126/100031300000000100031382095160921000000001237610400680  000000000000000000000000000000000000000000000000000000000000000000000000000000000000001237600000000000000000000000000   170921             00000000000000                                                                  000083
1021903727600017200000260206200016896                         0000000020002792337P000000000000000000000000060616092126/20002790000000020002792337P190921000000000500000100987  000000000000000000000000000000000000000000000000000000000000000000000000000000000000000500000000000000000000000000000   170921             00000000000000                                                                  000084
1021903727600017200000260206200016896                         00000000200113912011000000000000000000000000060616092126/200113900000000200113912011190921000000000942663300001  000000000000000000000000000000000000000000000000000000000000000000000000000000000000000942600000000000000000000000000   170921             00000000000000                                                                  000085
1021903727600017200000260206200016896                         00000000200155179780000000000000000000000000060616092126/200155100000000200155179780190921000000001570510400172  000000000000000000000000000000000000000000000000000000000000000000000000000000000000001570500000000000000000000000000   170921             00000000000000                                                                  000086
1021903727600017200000260206200016896                         00000000200304761420000000000000000000000000060616092126/200304700000000200304761420190921000000000780000105657  000000000000000000000000000000000000000000000000000000000000000000000000000000000000000780000000000000000000000000000   170921             00000000000000                                                                  000087
1021903727600017200000260206200016896                         00000000200361015077000000000000000000000000060616092126/200361000000000200361015077170921000000000280700101165  000000000000000000000000000000000000000000000000000000000000000000000000000000000000000280700000000000000000000000000   170921             00000000000000                                                                  000088
1021903727600017200000260206200016896                         00000000200769198234000000000000000000000000060616092126/200769100000000200769198234190921000000000438321200001  000000000000000000000000000000000000000000000000000000000000000000000000000000000000000438300000000000000000000000000   170921             00000000000000                                                                  000089
1021903727600017200000260206200016896                         00000000200810963260000000000000000000000000060616092126/200810900000000200810963260180921000000000334121200001  000000000000000000000000000000000000000000000000000000000000000000000000000000000000000334100000000000000000000000000   170921             00000000000000                                                                  000090
1021903727600017200000260206200016896                         00000000400037093447000000000000000000000000060616092126/400037000000000400037093447190921000000001000075604327  000000000000000000000000000000000000000000000000000000000000000000000000000000000000001000000000000000000000000000000   170921             00000000000000                                                                  000091
1021903727600017200000260206200016896                         00000000400061815836000000000000000000000000060616092126/400061800000000400061815836190921000000006000010401554  000000000000000000000000000000000000000000000000000000000000000000000000000000000000006000000000000000000000000000000   170921             00000000000000                                                                  000092
1021903727600017200000260206200016896                         00000000400123291529000000000000000000000000060616092126/400123200000000400123291529180921000000003320002100112  000000000000000000000000000000000000000000000000000000000000000000000000000000000000003320000000000000000000000000000   170921             00000000000000                                                                  000093
1021903727600017200000260206200016896                         00000000400128858756000000000000000000000000060616092126/400128800000000400128858756190921000000001100010400474  000000000000000000000000000000000000000000000000000000000000000000000000000000000000001100000000000000000000000000000   170921             00000000000000                                                                  000094
1021903727600017200000260206200016896                         00000000400139942619000000000000000000000000060616092126/400139900000000400139942619190921000000010000010400413  000000000000000000000000000000000000000000000000000000000000000000000000000000000000010000000000000000000000000000000   170921             00000000000000                                                                  000095
1021903727600017200000260206200016896                         00000000400142613049000000000000000000000000060616092126/400142600000000400142613049190921000000005000023703685  000000000000000000000000000000000000000000000000000000000000000000000000000000000000005000000000000000000000000000000   170921             00000000000000                                                                  000096
1021903727600017200000260206200016896                         00000000400179756214000000000000000000000000060616092126/400179700000000400179756214190921000000003800063300001  000000000000000000000000000000000000000000000000000000000000000000000000000000000000003800000000000000000000000000000   170921             00000000000000                                                                  000097
1021903727600017200000260206200016896                         00000000400198243538000000000000000000000000060616092126/400198200000000400198243538190921000000001000004100377  000000000000000000000000000000000000000000000000000000000000000000000000000000000000001000000000000000000000000000000   170921             00000000000000                                                                  000098
1021903727600017200000260206200016896                         00000000400208172774000000000000000000000000060616092126/400208100000000400208172774190921000000000820075604327  000000000000000000000000000000000000000000000000000000000000000000000000000000000000000820000000000000000000000000000   170921             00000000000000                                                                  000099
1021903727600017200000260206200016896                         00000000400241988674000000000000000000000000060616092126/400241900000000400241988674190921000000001500003300077  000000000000000000000000000000000000000000000000000000000000000000000000000000000000001500000000000000000000000000000   170921             00000000000000                                                                  000100
1021903727600017200000260206200016896                         0000000040026389438P000000000000000000000000060616092126/40026380000000040026389438P190921000000005000000100922  000000000000000000000000000000000000000000000000000000000000000000000000000000000000005000000000000000000000000000000   170921             00000000000000                                                                  000101
1021903727600017200000260206200016896                         00000000400269413065000000000000000000000000060616092126/400269400000000400269413065190921000000001960021200001  000000000000000000000000000000000000000000000000000000000000000000000000000000000000001960000000000000000000000000000   170921             00000000000000                                                                  000102
1021903727600017200000260206200016896                         00000000400275149728000000000000000000000000060616092126/400275100000000400275149728190921000000004000010403711  000000000000000000000000000000000000000000000000000000000000000000000000000000000000004000000000000000000000000000000   170921             00000000000000                                                                  000103
1021903727600017200000260206200016896                         00000000400281737380000000000000000000000000060616092126/400281700000000400281737380190921000000003420023702151  000000000000000000000000000000000000000000000000000000000000000000000000000000000000003420000000000000000000000000000   170921             00000000000000                                                                  000104
1021903727600017200000260206200016896                         00000000400329924390000000000000000000000000060616092126/400329900000000400329924390190921000000008400026000001  000000000000000000000000000000000000000000000000000000000000000000000000000000000000008400000000000000000000000000000   170921             00000000000000                                                                  000105
1021903727600017200000260206200016896                         00000000400365417357000000000000000000000000060616092126/400365400000000400365417357190921000000000940000100625  000000000000000000000000000000000000000000000000000000000000000000000000000000000000000940000000000000000000000000000   170921             00000000000000                                                                  000106
1021903727600017200000260206200016896                         00000000400409762448000000000000000000000000060616092126/400409700000000400409762448190921000000002000026000001  000000000000000000000000000000000000000000000000000000000000000000000000000000000000002000000000000000000000000000000   170921             00000000000000                                                                  000107
1021903727600017200000260206200016896                         00000000400426866907000000000000000000000000060616092126/400426800000000400426866907190921000000005000002100153  000000000000000000000000000000000000000000000000000000000000000000000000000000000000005000000000000000000000000000000   170921             00000000000000                                                                  000108
1021903727600017200000260206200016896                         00000000400439285962000000000000000000000000060616092126/400439200000000400439285962190921000000002000010402898  000000000000000000000000000000000000000000000000000000000000000000000000000000000000002000000000000000000000000000000   170921             00000000000000                                                                  000109
1021903727600017200000260206200016896                         00000000400454370909000000000000000000000000060616092126/400454300000000400454370909190921000000000840075604327  000000000000000000000000000000000000000000000000000000000000000000000000000000000000000840000000000000000000000000000   170921             00000000000000                                                                  000110
1021903727600017200000260206200016896                         00000000400551180898000000000000000000000000060616092126/400551100000000400551180898190921000000001000003304048  000000000000000000000000000000000000000000000000000000000000000000000000000000000000001000000000000000000000000000000   170921             00000000000000                                                                  000111
1021903727600017200000260206200016896                         00000000400554943299000000000000000000000000060616092126/400554900000000400554943299190921000000003000000101731  000000000000000000000000000000000000000000000000000000000000000000000000000000000000003000000000000000000000000000000   170921             00000000000000                                                                  000112
1021903727600017200000260206200016896                         00000000400603090221000000000000000000000000060616092126/400603000000000400603090221190921000000008000010400389  000000000000000000000000000000000000000000000000000000000000000000000000000000000000008000000000000000000000000000000   170921             00000000000000                                                                  000113
1021903727600017200000260206200016896                         00000000400607418833000000000000000000000000060616092126/400607400000000400607418833190921000000001000075604327  000000000000000000000000000000000000000000000000000000000000000000000000000000000000001000000000000000000000000000000   170921             00000000000000                                                                  000114
1021903727600017200000260206200016896                         0000000040061942653P000000000000000000000000060616092126/40061940000000040061942653P190921000000000850075604327  000000000000000000000000000000000000000000000000000000000000000000000000000000000000000850000000000000000000000000000   170921             00000000000000                                                                  000115
1021903727600017200000260206200016896                         00000000400661456384000000000000000000000000060616092126/400661400000000400661456384190921000000005000075604327  000000000000000000000000000000000000000000000000000000000000000000000000000000000000005000000000000000000000000000000   170921             00000000000000                                                                  000116
1021903727600017200000260206200016896                         00000000400678803525000000000000000000000000060616092126/400678800000000400678803525190921000000000800075604327  000000000000000000000000000000000000000000000000000000000000000000000000000000000000000800000000000000000000000000000   170921             00000000000000                                                                  000117
1021903727600017200000260206200016896                         0000000040070851387P000000000000000000000000060616092126/40070850000000040070851387P190921000000012000074808142  000000000000000000000000000000000000000000000000000000000000000000000000000000000000012000000000000000000000000000000   170921             00000000000000                                                                  000118
1021903727600017200000260206200016896                         00000000400716433699000000000000000000000000060616092126/400716400000000400716433699190921000000003500004100332  000000000000000000000000000000000000000000000000000000000000000000000000000000000000003500000000000000000000000000000   170921             00000000000000                                                                  000119
1021903727600017200000260206200016896                         00000000400731866089000000000000000000000000060616092126/400731800000000400731866089190921000000020000065500001  000000000000000000000000000000000000000000000000000000000000000000000000000000000000020000000000000000000000000000000   170921             00000000000000                                                                  000120
1021903727600017200000260206200016896                         00000000400742283204000000000000000000000000060616092126/400742200000000400742283204190921000000000830075604327  000000000000000000000000000000000000000000000000000000000000000000000000000000000000000830000000000000000000000000000   170921             00000000000000                                                                  000121
1021903727600017200000260206200016896                         00000000400757572296000000000000000000000000060616092126/400757500000000400757572296190921000000002000010404692  000000000000000000000000000000000000000000000000000000000000000000000000000000000000002000000000000000000000000000000   170921             00000000000000                                                                  000122
1021903727600017200000260206200016896                         00000000400807389609000000000000000000000000060616092126/400807300000000400807389609190921000000011000023700424  000000000000000000000000000000000000000000000000000000000000000000000000000000000000011000000000000000000000000000000   170921             00000000000000                                                                  000123
1021903727600017200000260206200016896                         00000000400822854253000000000000000000000000060616092126/400822800000000400822854253190921000000017000026000001  000000000000000000000000000000000000000000000000000000000000000000000000000000000000017000000000000000000000000000000   170921             00000000000000                                                                  000124
1021903727600017200000260206200016896                         00000000400829712012000000000000000000000000060616092126/400829700000000400829712012190921000000002000002100117  000000000000000000000000000000000000000000000000000000000000000000000000000000000000002000000000000000000000000000000   170921             00000000000000                                                                  000125
1021903727600017200000260206200016896                         00000000400847689400000000000000000000000000060616092126/400847600000000400847689400190921000000004550063300001  000000000000000000000000000000000000000000000000000000000000000000000000000000000000004550000000000000000000000000000   170921             00000000000000                                                                  000126
1021903727600017200000260206200016896                         00000000400850060424000000000000000000000000060616092126/400850000000000400850060424190921000000000800063300001  000000000000000000000000000000000000000000000000000000000000000000000000000000000000000800000000000000000000000000000   170921             00000000000000                                                                  000127
1021903727600017200000260206200016896                         00000000400856810298000000000000000000000000060616092126/400856800000000400856810298190921000000000810075604327  000000000000000000000000000000000000000000000000000000000000000000000000000000000000000810000000000000000000000000000   170921             00000000000000                                                                  000128
1021903727600017200000260206200016896                         00000000400878947084000000000000000000000000060616092126/400878900000000400878947084190921000000003600002100054  000000000000000000000000000000000000000000000000000000000000000000000000000000000000003600000000000000000000000000000   170921             00000000000000                                                                  000129
1021903727600017200000260206200016896                         00000000400884357558000000000000000000000000060616092126/400884300000000400884357558190921000000004300010401554  000000000000000000000000000000000000000000000000000000000000000000000000000000000000004300000000000000000000000000000   170921             00000000000000                                                                  000130
1021903727600017200000260206200016896                         00000000400895577037000000000000000000000000060616092126/400895500000000400895577037190921000000000900075604327  000000000000000000000000000000000000000000000000000000000000000000000000000000000000000900000000000000000000000000000   170921             00000000000000                                                                  000131
1021903727600017200000260206200016896                         00000000400896240907000000000000000000000000060616092126/400896200000000400896240907190921000000002290075604327  000000000000000000000000000000000000000000000000000000000000000000000000000000000000002290000000000000000000000000000   170921             00000000000000                                                                  000132
1021903727600017200000260206200016896                         00000000400897795805000000000000000000000000060616092126/400897700000000400897795805190921000000001730010403136  000000000000000000000000000000000000000000000000000000000000000000000000000000000000001730000000000000000000000000000   170921             00000000000000                                                                  000133
1021903727600017200000260206200016896                         00000000400899127532000000000000000000000000060616092126/400899100000000400899127532190921000000001000063300001  000000000000000000000000000000000000000000000000000000000000000000000000000000000000001000000000000000000000000000000   170921             00000000000000                                                                  000134
1021903727600017200000260206200016896                         00000000400906181483000000000000000000000000060616092126/400906100000000400906181483190921000000005000010400041  000000000000000000000000000000000000000000000000000000000000000000000000000000000000005000000000000000000000000000000   170921             00000000000000                                                                  000135
1021903727600017200000260206200016896                         00000000400935395212000000000000000000000000060616092126/400935300000000400935395212190921000000002000010401075  000000000000000000000000000000000000000000000000000000000000000000000000000000000000002000000000000000000000000000000   170921             00000000000000                                                                  000136
1021903727600017200000260206200016896                         00000000400950710477000000000000000000000000060616092126/400950700000000400950710477190921000000002000010400185  000000000000000000000000000000000000000000000000000000000000000000000000000000000000002000000000000000000000000000000   170921             00000000000000                                                                  000137
1021903727600017200000260206200016896                         00000000400956334892000000000000000000000000060616092126/400956300000000400956334892190921000000000800075604327  000000000000000000000000000000000000000000000000000000000000000000000000000000000000000800000000000000000000000000000   170921             00000000000000                                                                  000138
1021903727600017200000260206200016896                         00000000400983836174000000000000000000000000060616092126/400983800000000400983836174190921000000000800003300903  000000000000000000000000000000000000000000000000000000000000000000000000000000000000000800000000000000000000000000000   170921             00000000000000                                                                  000139
1021903727600017200000260206200016896                         00000000400986010099000000000000000000000000060616092126/400986000000000400986010099190921000000004000026000001  000000000000000000000000000000000000000000000000000000000000000000000000000000000000004000000000000000000000000000000   170921             00000000000000                                                                  000140
1021903727600017200000260206200016896                         00000000600526719021000000000000000000000000060616092126/600526700000000600526719021190921000000000119920800001  000000000000000000000000000000000000000000000000000000000000000000000000000000000000000119900000000000000000000000000   170921             00000000000000                                                                  000141
1021903727600017200000260206200016896                         00000000600773838246000000000000000000000000060616092126/600773800000000600773838246190921000000000269963300001  000000000000000000000000000000000000000000000000000000000000000000000000000000000000000269900000000000000000000000000   170921             00000000000000                                                                  000142
1021903727600017200000260206200016896                         0000000040043449492P000000000000000000000000061016092126/40043440000000040043449492P170721000000000800023700000  000000000000000000000000000000000000000000000000000000000000000000000000000000000000000000000000000000000000000000000                          1600000000                                                                  000143
1021903727600017200000260206200016896                         0000000040061680696P000000000000000000000000061016092126/40061680000000040061680696P170721000000000800023700000  000000000000000000000000000000000000000000000000000000000000000000000000000000000000000000000000000000000000000000000                          1600000000                                                                  000144
1021903727600017200000260206200016896                         0000000040091398124P000000000000000000000000061016092126/40091390000000040091398124P170721000000000800023700000  000000000000000000000000000000000000000000000000000000000000000000000000000000000000000000000000000000000000000000000                          1600000000                                                                  000145
1021903727600017200000260206200016896                         00000000400988761741000000000000000000000000061016092126/400988700000000400988761741170721000000000800023700000  000000000000000000000000000000000000000000000000000000000000000000000000000000000000000000000000000000000000000000000                          1600000000                                                                  000146
9201237          000007700000002018049500000768          00080000004001910000001961336000600000019613360000400000003200000000000000000000000000000000000000000000000000000000000000000000000                                                                                                                                                                              00000000000000000000000         000147
