02RETORNO01COBRANCA       00000000000005034448E-PREPAG ADMINISTRADORA DE CAR237BRADESCO       1612210160000000830                                                                                                                                                                                                                                                                          171221         000001
1021903727600017200000260206200016896                         00000000200259200978000000000000000000000000060216122126/200259200000000200259200978191221000000000049923704400  000000000008200000000000000000000000000000000000000000000000000000000000000000000000000000000000000000000000000000000                          0000000000                                                                  000002
1021903727600017200000260206200016896                         00000000200469109450000000000000000000000000060216122126/200469100000000200469109450191221000000000049923704424  000000000008200000000000000000000000000000000000000000000000000000000000000000000000000000000000000000000000000000000                          0000000000                                                                  000003
1021903727600017200000260206200016896                         00000000200471921529000000000000000000000000060216122126/200471900000000200471921529191221000000000795623704154  000000000008200000000000000000000000000000000000000000000000000000000000000000000000000000000000000000000000000000000                          0000000000                                                                  000004
1021903727600017200000260206200016896                         00000000200700458811000000000000000000000000060216122126/200700400000000200700458811191221000000000500023704152  000000000000000000000000000000000000000000000000000000000000000000000000000000000000000000000000000000000000000000000                          0000000000                                                                  000005
1021903727600017200000260206200016896                         00000000200807547744000000000000000000000000060216122126/200807500000000200807547744191221000000000500023704151  000000000000000000000000000000000000000000000000000000000000000000000000000000000000000000000000000000000000000000000                          0000000000                                                                  000006
1021903727600017200000260206200016896                         00000000200852804839000000000000000000000000060216122126/200852800000000200852804839191221000000001193623704400  000000000008200000000000000000000000000000000000000000000000000000000000000000000000000000000000000000000000000000000                          0000000000                                                                  000007
1021903727600017200000260206200016896                         00000000200858463367000000000000000000000000060216122126/200858400000000200858463367191221000000000119923704422  000000000008200000000000000000000000000000000000000000000000000000000000000000000000000000000000000000000000000000000                          0000000000                                                                  000008
1021903727600017200000260206200016896                         00000000200907619890000000000000000000000000060216122126/200907600000000200907619890191221000000000462723700140  000000000008200000000000000000000000000000000000000000000000000000000000000000000000000000000000000000000000000000000                          7600000000                                                                  000009
1021903727600017200000260206200016896                         00000000200996882265000000000000000000000000060216122126/200996800000000200996882265191221000000000309823704422  000000000008200000000000000000000000000000000000000000000000000000000000000000000000000000000000000000000000000000000                          0000000000                                                                  000010
1021903727600017200000260206200016896                         00000000400055973365000000000000000000000000060216122126/400055900000000400055973365191221000000009000023704157  000000000008200000000000000000000000000000000000000000000000000000000000000000000000000000000000000000000000000000000                          0000000000                                                                  000011
1021903727600017200000260206200016896                         00000000400196743517000000000000000000000000060216122126/400196700000000400196743517191221000000003100023704143  000000000008200000000000000000000000000000000000000000000000000000000000000000000000000000000000000000000000000000000                          0000000000                                                                  000012
1021903727600017200000260206200016896                         00000000400242936333000000000000000000000000060216122126/400242900000000400242936333191221000000008500023704157  000000000008200000000000000000000000000000000000000000000000000000000000000000000000000000000000000000000000000000000                          0000000000                                                                  000013
1021903727600017200000260206200016896                         00000000400281667528000000000000000000000000060216122126/400281600000000400281667528191221000000001850023704159  000000000008200000000000000000000000000000000000000000000000000000000000000000000000000000000000000000000000000000000                          0000000000                                                                  000014
1021903727600017200000260206200016896                         00000000400330174060000000000000000000000000060216122126/400330100000000400330174060191221000000004000023700140  000000000008200000000000000000000000000000000000000000000000000000000000000000000000000000000000000000000000000000000                          0000000000                                                                  000015
1021903727600017200000260206200016896                         00000000400411035405000000000000000000000000060216122126/400411000000000400411035405191221000000001000023704143  000000000008200000000000000000000000000000000000000000000000000000000000000000000000000000000000000000000000000000000                          0000000000                                                                  000016
1021903727600017200000260206200016896                         00000000400643638696000000000000000000000000060216122126/400643600000000400643638696191221000000001000023704452  000000000008200000000000000000000000000000000000000000000000000000000000000000000000000000000000000000000000000000000                          0000000000                                                                  000017
1021903727600017200000260206200016896                         00000000400665947064000000000000000000000000060216122126/400665900000000400665947064191221000000001860023704159  000000000008200000000000000000000000000000000000000000000000000000000000000000000000000000000000000000000000000000000                          0000000000                                                                  000018
1021903727600017200000260206200016896                         00000000400667797701000000000000000000000000060216122126/400667700000000400667797701191221000000003000023704144  000000000008200000000000000000000000000000000000000000000000000000000000000000000000000000000000000000000000000000000                          0000000000                                                                  000019
1021903727600017200000260206200016896                         00000000400671409740000000000000000000000000060216122126/400671400000000400671409740191221000000002930023704151  000000000008200000000000000000000000000000000000000000000000000000000000000000000000000000000000000000000000000000000                          0000000000                                                                  000020
1021903727600017200000260206200016896                         00000000400762336665000000000000000000000000060216122126/400762300000000400762336665191221000000008310023704154  000000000008200000000000000000000000000000000000000000000000000000000000000000000000000000000000000000000000000000000                          0000000000                                                                  000021
1021903727600017200000260206200016896                         00000000400767633137000000000000000000000000060216122126/400767600000000400767633137191221000000099000023704151  000000000008200000000000000000000000000000000000000000000000000000000000000000000000000000000000000000000000000000000                          7600000000                                                                  000022
1021903727600017200000260206200016896                         00000000400808232754000000000000000000000000060216122126/400808200000000400808232754191221000000002140023704158  000000000008200000000000000000000000000000000000000000000000000000000000000000000000000000000000000000000000000000000                          0000000000                                                                  000023
1021903727600017200000260206200016896                         00000000200259200978000000000000000000000000060616122126/200259200000000200259200978191221000000000049908100001  000000000000000000000000000000000000000000000000000000000000000000000000000000000000000049900000000000000000000000000   171221             00000000000000                                                                  000024
1021903727600017200000260206200016896                         00000000200435120919000000000000000000000000060616122126/200435100000000200435120919181221000000000568821200001  000000000000000000000000000000000000000000000000000000000000000000000000000000000000000568800000000000000000000000000   171221             00000000000000                                                                  000025
1021903727600017200000260206200016896                         00000000200469109450000000000000000000000000060616122126/200469100000000200469109450191221000000000049908100001  000000000000000000000000000000000000000000000000000000000000000000000000000000000000000049900000000000000000000000000   171221             00000000000000                                                                  000026
1021903727600017200000260206200016896                         00000000400055973365000000000000000000000000060616122126/400055900000000400055973365191221000000009000007700001  000000000000000000000000000000000000000000000000000000000000000000000000000000000000009000000000000000000000000000000   171221             00000000000000                                                                  000027
1021903727600017200000260206200016896                         00000000400196743517000000000000000000000000060616122126/400196700000000400196743517191221000000003100010403130  000000000000000000000000000000000000000000000000000000000000000000000000000000000000003100000000000000000000000000000   171221             00000000000000                                                                  000028
1021903727600017200000260206200016896                         00000000400242936333000000000000000000000000060616122126/400242900000000400242936333191221000000008500021200001  000000000000000000000000000000000000000000000000000000000000000000000000000000000000008500000000000000000000000000000   171221             00000000000000                                                                  000029
1021903727600017200000260206200016896                         00000000400281667528000000000000000000000000060616122126/400281600000000400281667528191221000000001850075604327  000000000000000000000000000000000000000000000000000000000000000000000000000000000000001850000000000000000000000000000   171221             00000000000000                                                                  000030
1021903727600017200000260206200016896                         00000000400330174060000000000000000000000000060616122126/400330100000000400330174060191221000000004000075604327  000000000000000000000000000000000000000000000000000000000000000000000000000000000000004000000000000000000000000000000   171221             00000000000000                                                                  000031
1021903727600017200000260206200016896                         00000000400411035405000000000000000000000000060616122126/400411000000000400411035405191221000000001000008501037  000000000000000000000000000000000000000000000000000000000000000000000000000000000000001000000000000000000000000000000   171221             00000000000000                                                                  000032
1021903727600017200000260206200016896                         00000000400595478061000000000000000000000000060616122126/400595400000000400595478061181221000000003690010400718  000000000000000000000000000000000000000000000000000000000000000000000000000000000000003690000000000000000000000000000   171221             00000000000000                                                                  000033
1021903727600017200000260206200016896                         00000000400643638696000000000000000000000000060616122126/400643600000000400643638696191221000000001000021200001  000000000000000000000000000000000000000000000000000000000000000000000000000000000000001000000000000000000000000000000   171221             00000000000000                                                                  000034
1021903727600017200000260206200016896                         00000000400665947064000000000000000000000000060616122126/400665900000000400665947064191221000000001860075604327  000000000000000000000000000000000000000000000000000000000000000000000000000000000000001860000000000000000000000000000   171221             00000000000000                                                                  000035
1021903727600017200000260206200016896                         00000000400667797701000000000000000000000000060616122126/400667700000000400667797701191221000000003000075601098  000000000000000000000000000000000000000000000000000000000000000000000000000000000000003000000000000000000000000000000   171221             00000000000000                                                                  000036
1021903727600017200000260206200016896                         00000000400671409740000000000000000000000000060616122126/400671400000000400671409740191221000000002930023706176  000000000000000000000000000000000000000000000000000000000000000000000000000000000000002930000000000000000000000000000   171221             00000000000000                                                                  000037
1021903727600017200000260206200016896                         00000000400762336665000000000000000000000000060616122126/400762300000000400762336665191221000000008310010400718  000000000000000000000000000000000000000000000000000000000000000000000000000000000000008310000000000000000000000000000   171221             00000000000000                                                                  000038
1021903727600017200000260206200016896                         00000000400767633137000000000000000000000000060616122126/400767600000000400767633137191221000000099000063300001  000000000000000000000000000000000000000000000000000000000000000000000000000000000000099000000000000000000000000000000   171221             00000000000000                                                                  000039
1021903727600017200000260206200016896                         00000000400808232754000000000000000000000000060616122126/400808200000000400808232754191221000000002140000102020  000000000000000000000000000000000000000000000000000000000000000000000000000000000000002140000000000000000000000000000   171221             00000000000000                                                                  000040
1021903727600017200000260206200016896                         00000000400866547935000000000000000000000000060616122126/400866500000000400866547935181221000000007000000101292  000000000000000000000000000000000000000000000000000000000000000000000000000000000000007000000000000000000000000000000   171221             00000000000000                                                                  000041
1021903727600017200000260206200016896                         00000000400972574208000000000000000000000000060616122126/400972500000000400972574208181221000000150000000103478  000000000000000000000000000000000000000000000000000000000000000000000000000000000000150000000000000000000000000000000   171221             00000000000000                                                                  000042
1021903727600017200000260206200016896                         00000000400997923312000000000000000000000000060616122126/400997900000000400997923312181221000000002200065500001  000000000000000000000000000000000000000000000000000000000000000000000000000000000000002200000000000000000000000000000   171221             00000000000000                                                                  000043
1021903727600017200000260206200016896                         0000000020064228350P000000000000000000000000061016122126/20064220000000020064228350P161021000000000324223700000  000000000000000000000000000000000000000000000000000000000000000000000000000000000000000000000000000000000000000000000                          1600000000                                                                  000044
1021903727600017200000260206200016896                         00000000400039637134000000000000000000000000061016122126/400039600000000400039637134161021000000001480023700000  000000000000000000000000000000000000000000000000000000000000000000000000000000000000000000000000000000000000000000000                          1600000000                                                                  000045
1021903727600017200000260206200016896                         00000000400299436108000000000000000000000000061016122126/400299400000000400299436108161021000000005500023700000  000000000000000000000000000000000000000000000000000000000000000000000000000000000000000000000000000000000000000000000                          1600000000                                                                  000046
9201237          000003770000000759379500000830          00022000001496714000003092486000200000030924860000300000007304200000000000000000000000000000000000000000000000000000000000000000000                                                                                                                                                                              00000000000000000000000         000047
