02RETORNO01COBRANCA       00000000000005034448E-PREPAG ADMINISTRADORA DE CAR237BRADESCO       1612220160000001081                                                                                                                                                                                                                                                                          191222         000001
1021903727600017200000260206200016896                         00000000200710537906000000000000000000000000060216122226/200710500000000200710537906191222000000001594023704152  000000000008200000000000000000000000000000000000000000000000000000000000000000000000000000000000000000000000000000000                          0000000000                                                                  000002
1021903727600017200000260206200016896                         00000000400013037333000000000000000000000000060216122226/400013000000000400013037333191222000000000800023704159  000000000008200000000000000000000000000000000000000000000000000000000000000000000000000000000000000000000000000000000                          0000000000                                                                  000003
1021903727600017200000260206200016896                         00000000400019283662000000000000000000000000060216122226/400019200000000400019283662191222000000000800023704159  000000000008200000000000000000000000000000000000000000000000000000000000000000000000000000000000000000000000000000000                          0000000000                                                                  000004
1021903727600017200000260206200016896                         00000000400065393359000000000000000000000000060216122226/400065300000000400065393359191222000000000810023702062  000000000008200000000000000000000000000000000000000000000000000000000000000000000000000000000000000000000000000000000                          0000000000                                                                  000005
1021903727600017200000260206200016896                         00000000400131614817000000000000000000000000060216122226/400131600000000400131614817191222000000000820023702062  000000000008200000000000000000000000000000000000000000000000000000000000000000000000000000000000000000000000000000000                          0000000000                                                                  000006
1021903727600017200000260206200016896                         00000000400141641537000000000000000000000000060216122226/400141600000000400141641537191222000000000800023704159  000000000008200000000000000000000000000000000000000000000000000000000000000000000000000000000000000000000000000000000                          0000000000                                                                  000007
1021903727600017200000260206200016896                         00000000400169364288000000000000000000000000060216122226/400169300000000400169364288191222000000003500023700321  000000000008200000000000000000000000000000000000000000000000000000000000000000000000000000000000000000000000000000000                          0000000000                                                                  000008
1021903727600017200000260206200016896                         00000000400175484023000000000000000000000000060216122226/400175400000000400175484023191222000000000800023704159  000000000008200000000000000000000000000000000000000000000000000000000000000000000000000000000000000000000000000000000                          0000000000                                                                  000009
1021903727600017200000260206200016896                         00000000400177994932000000000000000000000000060216122226/400177900000000400177994932191222000000000800023704159  000000000008200000000000000000000000000000000000000000000000000000000000000000000000000000000000000000000000000000000                          0000000000                                                                  000010
1021903727600017200000260206200016896                         00000000400189940366000000000000000000000000060216122226/400189900000000400189940366191222000000003420023704154  000000000008200000000000000000000000000000000000000000000000000000000000000000000000000000000000000000000000000000000                          0000000000                                                                  000011
1021903727600017200000260206200016896                         00000000400194400620000000000000000000000000060216122226/400194400000000400194400620191222000000000800023702062  000000000008200000000000000000000000000000000000000000000000000000000000000000000000000000000000000000000000000000000                          0000000000                                                                  000012
1021903727600017200000260206200016896                         00000000400231644608000000000000000000000000060216122226/400231600000000400231644608191222000000000800023704159  000000000008200000000000000000000000000000000000000000000000000000000000000000000000000000000000000000000000000000000                          0000000000                                                                  000013
1021903727600017200000260206200016896                         00000000400315817362000000000000000000000000060216122226/400315800000000400315817362191222000000000800023704159  000000000008200000000000000000000000000000000000000000000000000000000000000000000000000000000000000000000000000000000                          0000000000                                                                  000014
1021903727600017200000260206200016896                         00000000400368164522000000000000000000000000060216122226/400368100000000400368164522191222000000000800023704159  000000000008200000000000000000000000000000000000000000000000000000000000000000000000000000000000000000000000000000000                          0000000000                                                                  000015
1021903727600017200000260206200016896                         00000000400375579924000000000000000000000000060216122226/400375500000000400375579924191222000000000800023700320  000000000008200000000000000000000000000000000000000000000000000000000000000000000000000000000000000000000000000000000                          0000000000                                                                  000016
1021903727600017200000260206200016896                         00000000400379231981000000000000000000000000060216122226/400379200000000400379231981191222000000000800023704159  000000000008200000000000000000000000000000000000000000000000000000000000000000000000000000000000000000000000000000000                          0000000000                                                                  000017
1021903727600017200000260206200016896                         00000000400400054092000000000000000000000000060216122226/400400000000000400400054092191222000000000800023704159  000000000008200000000000000000000000000000000000000000000000000000000000000000000000000000000000000000000000000000000                          0000000000                                                                  000018
1021903727600017200000260206200016896                         00000000400401544158000000000000000000000000060216122226/400401500000000400401544158191222000000000800023704158  000000000008200000000000000000000000000000000000000000000000000000000000000000000000000000000000000000000000000000000                          0000000000                                                                  000019
1021903727600017200000260206200016896                         00000000400403993456000000000000000000000000060216122226/400403900000000400403993456191222000000000800023704159  000000000008200000000000000000000000000000000000000000000000000000000000000000000000000000000000000000000000000000000                          0000000000                                                                  000020
1021903727600017200000260206200016896                         00000000400412188752000000000000000000000000060216122226/400412100000000400412188752191222000000000800023704159  000000000008200000000000000000000000000000000000000000000000000000000000000000000000000000000000000000000000000000000                          0000000000                                                                  000021
1021903727600017200000260206200016896                         0000000040042031922P000000000000000000000000060216122226/40042030000000040042031922P191222000000001000023704158  000000000008200000000000000000000000000000000000000000000000000000000000000000000000000000000000000000000000000000000                          0000000000                                                                  000022
1021903727600017200000260206200016896                         00000000400459224692000000000000000000000000060216122226/400459200000000400459224692191222000000001200023700140  000000000008200000000000000000000000000000000000000000000000000000000000000000000000000000000000000000000000000000000                          0000000000                                                                  000023
1021903727600017200000260206200016896                         00000000400585384255000000000000000000000000060216122226/400585300000000400585384255191222000000001200023704154  000000000008200000000000000000000000000000000000000000000000000000000000000000000000000000000000000000000000000000000                          0000000000                                                                  000024
1021903727600017200000260206200016896                         00000000400595734203000000000000000000000000060216122226/400595700000000400595734203191222000000000800023704159  000000000008200000000000000000000000000000000000000000000000000000000000000000000000000000000000000000000000000000000                          0000000000                                                                  000025
1021903727600017200000260206200016896                         00000000400600576530000000000000000000000000060216122226/400600500000000400600576530191222000000000800023704159  000000000008200000000000000000000000000000000000000000000000000000000000000000000000000000000000000000000000000000000                          0000000000                                                                  000026
1021903727600017200000260206200016896                         00000000400626479053000000000000000000000000060216122226/400626400000000400626479053191222000000002100023704159  000000000008200000000000000000000000000000000000000000000000000000000000000000000000000000000000000000000000000000000                          0000000000                                                                  000027
1021903727600017200000260206200016896                         00000000400649280238000000000000000000000000060216122226/400649200000000400649280238191222000000007390023704157  000000000008200000000000000000000000000000000000000000000000000000000000000000000000000000000000000000000000000000000                          0000000000                                                                  000028
1021903727600017200000260206200016896                         00000000400687083667000000000000000000000000060216122226/400687000000000400687083667191222000000007710023704157  000000000008200000000000000000000000000000000000000000000000000000000000000000000000000000000000000000000000000000000                          0000000000                                                                  000029
1021903727600017200000260206200016896                         00000000400701914348000000000000000000000000060216122226/400701900000000400701914348191222000000000800023704159  000000000008200000000000000000000000000000000000000000000000000000000000000000000000000000000000000000000000000000000                          0000000000                                                                  000030
1021903727600017200000260206200016896                         00000000400721928183000000000000000000000000060216122226/400721900000000400721928183191222000000000800023704159  000000000008200000000000000000000000000000000000000000000000000000000000000000000000000000000000000000000000000000000                          0000000000                                                                  000031
1021903727600017200000260206200016896                         00000000400726639201000000000000000000000000060216122226/400726600000000400726639201191222000000000800023704422  000000000008200000000000000000000000000000000000000000000000000000000000000000000000000000000000000000000000000000000                          0000000000                                                                  000032
1021903727600017200000260206200016896                         00000000400735965138000000000000000000000000060216122226/400735900000000400735965138191222000000000800023704159  000000000008200000000000000000000000000000000000000000000000000000000000000000000000000000000000000000000000000000000                          0000000000                                                                  000033
1021903727600017200000260206200016896                         00000000400792122333000000000000000000000000060216122226/400792100000000400792122333191222000000002000023704159  000000000008200000000000000000000000000000000000000000000000000000000000000000000000000000000000000000000000000000000                          0000000000                                                                  000034
1021903727600017200000260206200016896                         00000000400795632391000000000000000000000000060216122226/400795600000000400795632391191222000000000800023704159  000000000008200000000000000000000000000000000000000000000000000000000000000000000000000000000000000000000000000000000                          0000000000                                                                  000035
1021903727600017200000260206200016896                         00000000400795856028000000000000000000000000060216122226/400795800000000400795856028191222000000000800023704159  000000000008200000000000000000000000000000000000000000000000000000000000000000000000000000000000000000000000000000000                          0000000000                                                                  000036
1021903727600017200000260206200016896                         00000000400801277825000000000000000000000000060216122226/400801200000000400801277825191222000000000800023704159  000000000008200000000000000000000000000000000000000000000000000000000000000000000000000000000000000000000000000000000                          0000000000                                                                  000037
1021903727600017200000260206200016896                         00000000400890951895000000000000000000000000060216122226/400890900000000400890951895191222000000000800023704159  000000000008200000000000000000000000000000000000000000000000000000000000000000000000000000000000000000000000000000000                          0000000000                                                                  000038
1021903727600017200000260206200016896                         00000000400909711068000000000000000000000000060216122226/400909700000000400909711068191222000000000800023704159  000000000008200000000000000000000000000000000000000000000000000000000000000000000000000000000000000000000000000000000                          0000000000                                                                  000039
1021903727600017200000260206200016896                         00000000400995486101000000000000000000000000060216122226/400995400000000400995486101191222000000001000023704154  000000000008200000000000000000000000000000000000000000000000000000000000000000000000000000000000000000000000000000000                          0000000000                                                                  000040
1021903727600017200000260206200016896                         00000000200710537906000000000000000000000000060616122226/200710500000000200710537906191222000000001594010403880  000000000000000000000000000000000000000000000000000000000000000000000000000000000000001594000000000000000000000000000   191222             00000000000000                                                                  000041
1021903727600017200000260206200016896                         00000000400013037333000000000000000000000000060616122226/400013000000000400013037333191222000000000800065500001  000000000000000000000000000000000000000000000000000000000000000000000000000000000000000800000000000000000000000000000   191222             00000000000000                                                                  000042
1021903727600017200000260206200016896                         00000000400019283662000000000000000000000000060616122226/400019200000000400019283662191222000000000800065500001  000000000000000000000000000000000000000000000000000000000000000000000000000000000000000800000000000000000000000000000   191222             00000000000000                                                                  000043
1021903727600017200000260206200016896                         00000000400065393359000000000000000000000000060616122226/400065300000000400065393359191222000000000810063300001  000000000000000000000000000000000000000000000000000000000000000000000000000000000000000810000000000000000000000000000   191222             00000000000000                                                                  000044
1021903727600017200000260206200016896                         00000000400131614817000000000000000000000000060616122226/400131600000000400131614817191222000000000820063300001  000000000000000000000000000000000000000000000000000000000000000000000000000000000000000820000000000000000000000000000   191222             00000000000000                                                                  000045
1021903727600017200000260206200016896                         00000000400169364288000000000000000000000000060616122226/400169300000000400169364288191222000000003500010401859  000000000000000000000000000000000000000000000000000000000000000000000000000000000000003500000000000000000000000000000   191222             00000000000000                                                                  000046
1021903727600017200000260206200016896                         00000000400175484023000000000000000000000000060616122226/400175400000000400175484023191222000000000800065500001  000000000000000000000000000000000000000000000000000000000000000000000000000000000000000800000000000000000000000000000   191222             00000000000000                                                                  000047
1021903727600017200000260206200016896                         00000000400177994932000000000000000000000000060616122226/400177900000000400177994932191222000000000800065500001  000000000000000000000000000000000000000000000000000000000000000000000000000000000000000800000000000000000000000000000   191222             00000000000000                                                                  000048
1021903727600017200000260206200016896                         00000000400189940366000000000000000000000000060616122226/400189900000000400189940366191222000000003420010400721  000000000000000000000000000000000000000000000000000000000000000000000000000000000000003420000000000000000000000000000   191222             00000000000000                                                                  000049
1021903727600017200000260206200016896                         00000000400194400620000000000000000000000000060616122226/400194400000000400194400620191222000000000800063300001  000000000000000000000000000000000000000000000000000000000000000000000000000000000000000800000000000000000000000000000   191222             00000000000000                                                                  000050
1021903727600017200000260206200016896                         00000000400231644608000000000000000000000000060616122226/400231600000000400231644608191222000000000800065500001  000000000000000000000000000000000000000000000000000000000000000000000000000000000000000800000000000000000000000000000   191222             00000000000000                                                                  000051
1021903727600017200000260206200016896                         00000000400315817362000000000000000000000000060616122226/400315800000000400315817362191222000000000800065500001  000000000000000000000000000000000000000000000000000000000000000000000000000000000000000800000000000000000000000000000   191222             00000000000000                                                                  000052
1021903727600017200000260206200016896                         00000000400368164522000000000000000000000000060616122226/400368100000000400368164522191222000000000800065500001  000000000000000000000000000000000000000000000000000000000000000000000000000000000000000800000000000000000000000000000   191222             00000000000000                                                                  000053
1021903727600017200000260206200016896                         00000000400375579924000000000000000000000000060616122226/400375500000000400375579924191222000000000800075604327  000000000000000000000000000000000000000000000000000000000000000000000000000000000000000800000000000000000000000000000   191222             00000000000000                                                                  000054
1021903727600017200000260206200016896                         00000000400379231981000000000000000000000000060616122226/400379200000000400379231981191222000000000800065500001  000000000000000000000000000000000000000000000000000000000000000000000000000000000000000800000000000000000000000000000   191222             00000000000000                                                                  000055
1021903727600017200000260206200016896                         00000000400400054092000000000000000000000000060616122226/400400000000000400400054092191222000000000800065500001  000000000000000000000000000000000000000000000000000000000000000000000000000000000000000800000000000000000000000000000   191222             00000000000000                                                                  000056
1021903727600017200000260206200016896                         00000000400401544158000000000000000000000000060616122226/400401500000000400401544158191222000000000800023700365  000000000000000000000000000000000000000000000000000000000000000000000000000000000000000800000000000000000000000000000   191222             00000000000000                                                                  000057
1021903727600017200000260206200016896                         00000000400403993456000000000000000000000000060616122226/400403900000000400403993456191222000000000800065500001  000000000000000000000000000000000000000000000000000000000000000000000000000000000000000800000000000000000000000000000   191222             00000000000000                                                                  000058
1021903727600017200000260206200016896                         00000000400412188752000000000000000000000000060616122226/400412100000000400412188752191222000000000800065500001  000000000000000000000000000000000000000000000000000000000000000000000000000000000000000800000000000000000000000000000   191222             00000000000000                                                                  000059
1021903727600017200000260206200016896                         0000000040042031922P000000000000000000000000060616122226/40042030000000040042031922P191222000000001000023700365  000000000000000000000000000000000000000000000000000000000000000000000000000000000000001000000000000000000000000000000   191222             00000000000000                                                                  000060
1021903727600017200000260206200016896                         00000000400459224692000000000000000000000000060616122226/400459200000000400459224692191222000000001200075604327  000000000000000000000000000000000000000000000000000000000000000000000000000000000000001200000000000000000000000000000   191222             00000000000000                                                                  000061
1021903727600017200000260206200016896                         00000000400585384255000000000000000000000000060616122226/400585300000000400585384255191222000000001200010400721  000000000000000000000000000000000000000000000000000000000000000000000000000000000000001200000000000000000000000000000   191222             00000000000000                                                                  000062
1021903727600017200000260206200016896                         00000000400600576530000000000000000000000000060616122226/400600500000000400600576530191222000000000800065500001  000000000000000000000000000000000000000000000000000000000000000000000000000000000000000800000000000000000000000000000   191222             00000000000000                                                                  000063
1021903727600017200000260206200016896                         00000000400626479053000000000000000000000000060616122226/400626400000000400626479053191222000000002100075604327  000000000000000000000000000000000000000000000000000000000000000000000000000000000000002100000000000000000000000000000   191222             00000000000000                                                                  000064
1021903727600017200000260206200016896                         00000000400649280238000000000000000000000000060616122226/400649200000000400649280238191222000000007390023700424  000000000000000000000000000000000000000000000000000000000000000000000000000000000000007390000000000000000000000000000   191222             00000000000000                                                                  000065
1021903727600017200000260206200016896                         00000000400687083667000000000000000000000000060616122226/400687000000000400687083667191222000000007710063300001  000000000000000000000000000000000000000000000000000000000000000000000000000000000000007710000000000000000000000000000   191222             00000000000000                                                                  000066
1021903727600017200000260206200016896                         00000000400701914348000000000000000000000000060616122226/400701900000000400701914348191222000000000800065500001  000000000000000000000000000000000000000000000000000000000000000000000000000000000000000800000000000000000000000000000   191222             00000000000000                                                                  000067
1021903727600017200000260206200016896                         00000000400735965138000000000000000000000000060616122226/400735900000000400735965138191222000000000800065500001  000000000000000000000000000000000000000000000000000000000000000000000000000000000000000800000000000000000000000000000   191222             00000000000000                                                                  000068
1021903727600017200000260206200016896                         00000000400792122333000000000000000000000000060616122226/400792100000000400792122333191222000000002000063300001  000000000000000000000000000000000000000000000000000000000000000000000000000000000000002000000000000000000000000000000   191222             00000000000000                                                                  000069
1021903727600017200000260206200016896                         00000000400795632391000000000000000000000000060616122226/400795600000000400795632391191222000000000800065500001  000000000000000000000000000000000000000000000000000000000000000000000000000000000000000800000000000000000000000000000   191222             00000000000000                                                                  000070
1021903727600017200000260206200016896                         00000000400795856028000000000000000000000000060616122226/400795800000000400795856028191222000000000800065500001  000000000000000000000000000000000000000000000000000000000000000000000000000000000000000800000000000000000000000000000   191222             00000000000000                                                                  000071
1021903727600017200000260206200016896                         00000000400801277825000000000000000000000000060616122226/400801200000000400801277825191222000000000800065500001  000000000000000000000000000000000000000000000000000000000000000000000000000000000000000800000000000000000000000000000   191222             00000000000000                                                                  000072
1021903727600017200000260206200016896                         00000000400890951895000000000000000000000000060616122226/400890900000000400890951895191222000000000800065500001  000000000000000000000000000000000000000000000000000000000000000000000000000000000000000800000000000000000000000000000   191222             00000000000000                                                                  000073
1021903727600017200000260206200016896                         00000000400723868919000000000000000000000000061016122226/400723800000000400723868919161022000000001000023700000  000000000000000000000000000000000000000000000000000000000000000000000000000000000000000000000000000000000000000000000                          1600000000                                                                  000074
9201237          000001140000000871262100001081          00039000000545440000000495440000330000004954400000100000001000000000000000000000000000000000000000000000000000000000000000000000000                                                                                                                                                                              00000000000000000000000         000075
