02RETORNO01COBRANCA       00000000000005034448E-PREPAG ADMINISTRADORA DE CAR237BRADESCO       1608210160000000746                                                                                                                                                                                                                                                                          170821         000001
1021903727600017200000260206200016896                         0000000010003106672P000000000000000000000000060216082126/10003100000000010003106672P170821000000000147023704152  000000000008200000000000000000000000000000000000000000000000000000000000000000000000000000000000000000000000000000000                          0000000000                                                                  000002
1021903727600017200000260206200016896                         00000000100031071081000000000000000000000000060216082126/100031000000000100031071081170821000000034159623704602  000000000008200000000000000000000000000000000000000000000000000000000000000000000000000000000000000000000000000000000                          0000000000                                                                  000003
1021903727600017200000260206200016896                         00000000100031118169000000000000000000000000060216082126/100031100000000100031118169170821000000000360023704151  000000000008200000000000000000000000000000000000000000000000000000000000000000000000000000000000000000000000000000000                          0000000000                                                                  000004
1021903727600017200000260206200016896                         00000000200053747512000000000000000000000000060216082126/200053700000000200053747512170821000000000500023704400  000000000008200000000000000000000000000000000000000000000000000000000000000000000000000000000000000000000000000000000                          0000000000                                                                  000005
1021903727600017200000260206200016896                         00000000200402796860000000000000000000000000060216082126/200402700000000200402796860170821000000000629923704143  000000000008200000000000000000000000000000000000000000000000000000000000000000000000000000000000000000000000000000000                          7600000000                                                                  000006
1021903727600017200000260206200016896                         00000000200435727295000000000000000000000000060216082126/200435700000000200435727295180821000000000049923704602  000000000008200000000000000000000000000000000000000000000000000000000000000000000000000000000000000000000000000000000                          0000000000                                                                  000007
1021903727600017200000260206200016896                         0000000020064042985P000000000000000000000000060216082126/20064040000000020064042985P180821000000000069923704400  000000000008200000000000000000000000000000000000000000000000000000000000000000000000000000000000000000000000000000000                          0000000000                                                                  000008
1021903727600017200000260206200016896                         00000000200833113647000000000000000000000000060216082126/200833100000000200833113647180821000000000071823704151  000000000008200000000000000000000000000000000000000000000000000000000000000000000000000000000000000000000000000000000                          0000000000                                                                  000009
1021903727600017200000260206200016896                         00000000400024815109000000000000000000000000060216082126/400024800000000400024815109190821000000000800023704159  000000000008200000000000000000000000000000000000000000000000000000000000000000000000000000000000000000000000000000000                          0000000000                                                                  000010
1021903727600017200000260206200016896                         00000000400031656180000000000000000000000000060216082126/400031600000000400031656180170821000000000800023704159  000000000008200000000000000000000000000000000000000000000000000000000000000000000000000000000000000000000000000000000                          0000000000                                                                  000011
1021903727600017200000260206200016896                         00000000400070139924000000000000000000000000060216082126/400070100000000400070139924170821000000000800023704422  000000000008200000000000000000000000000000000000000000000000000000000000000000000000000000000000000000000000000000000                          0000000000                                                                  000012
1021903727600017200000260206200016896                         00000000400100505823000000000000000000000000060216082126/400100500000000400100505823170821000000000800023704159  000000000008200000000000000000000000000000000000000000000000000000000000000000000000000000000000000000000000000000000                          0000000000                                                                  000013
1021903727600017200000260206200016896                         00000000400130338379000000000000000000000000060216082126/400130300000000400130338379170821000000000800023704422  000000000008200000000000000000000000000000000000000000000000000000000000000000000000000000000000000000000000000000000                          0000000000                                                                  000014
1021903727600017200000260206200016896                         00000000400137766635000000000000000000000000060216082126/400137700000000400137766635170821000000000800023704159  000000000008200000000000000000000000000000000000000000000000000000000000000000000000000000000000000000000000000000000                          0000000000                                                                  000015
1021903727600017200000260206200016896                         00000000400158785907000000000000000000000000060216082126/400158700000000400158785907190821000000010000023704157  000000000008200000000000000000000000000000000000000000000000000000000000000000000000000000000000000000000000000000000                          0000000000                                                                  000016
1021903727600017200000260206200016896                         00000000400178637017000000000000000000000000060216082126/400178600000000400178637017190821000000000800023704159  000000000008200000000000000000000000000000000000000000000000000000000000000000000000000000000000000000000000000000000                          0000000000                                                                  000017
1021903727600017200000260206200016896                         00000000400202289319000000000000000000000000060216082126/400202200000000400202289319170821000000000800023704159  000000000008200000000000000000000000000000000000000000000000000000000000000000000000000000000000000000000000000000000                          0000000000                                                                  000018
1021903727600017200000260206200016896                         00000000400204636938000000000000000000000000060216082126/400204600000000400204636938190821000000010000023704157  000000000008200000000000000000000000000000000000000000000000000000000000000000000000000000000000000000000000000000000                          0000000000                                                                  000019
1021903727600017200000260206200016896                         00000000400223593360000000000000000000000000060216082126/400223500000000400223593360190821000000000800023704159  000000000008200000000000000000000000000000000000000000000000000000000000000000000000000000000000000000000000000000000                          0000000000                                                                  000020
1021903727600017200000260206200016896                         00000000400289035504000000000000000000000000060216082126/400289000000000400289035504190821000000000800023704159  000000000008200000000000000000000000000000000000000000000000000000000000000000000000000000000000000000000000000000000                          0000000000                                                                  000021
1021903727600017200000260206200016896                         00000000400301868363000000000000000000000000060216082126/400301800000000400301868363190821000000000800023704159  000000000008200000000000000000000000000000000000000000000000000000000000000000000000000000000000000000000000000000000                          0000000000                                                                  000022
1021903727600017200000260206200016896                         00000000400305647949000000000000000000000000060216082126/400305600000000400305647949170821000000000800023704422  000000000008200000000000000000000000000000000000000000000000000000000000000000000000000000000000000000000000000000000                          0000000000                                                                  000023
1021903727600017200000260206200016896                         00000000400315559975000000000000000000000000060216082126/400315500000000400315559975170821000000000800023704159  000000000008200000000000000000000000000000000000000000000000000000000000000000000000000000000000000000000000000000000                          0000000000                                                                  000024
1021903727600017200000260206200016896                         00000000400317976530000000000000000000000000060216082126/400317900000000400317976530170821000000000800023704422  000000000008200000000000000000000000000000000000000000000000000000000000000000000000000000000000000000000000000000000                          0000000000                                                                  000025
1021903727600017200000260206200016896                         00000000400320949269000000000000000000000000060216082126/400320900000000400320949269170821000000000800023704422  000000000008200000000000000000000000000000000000000000000000000000000000000000000000000000000000000000000000000000000                          0000000000                                                                  000026
1021903727600017200000260206200016896                         00000000400333622927000000000000000000000000060216082126/400333600000000400333622927170821000000000800023704422  000000000008200000000000000000000000000000000000000000000000000000000000000000000000000000000000000000000000000000000                          0000000000                                                                  000027
1021903727600017200000260206200016896                         00000000400338780075000000000000000000000000060216082126/400338700000000400338780075170821000000000800023704422  000000000008200000000000000000000000000000000000000000000000000000000000000000000000000000000000000000000000000000000                          0000000000                                                                  000028
1021903727600017200000260206200016896                         00000000400340192431000000000000000000000000060216082126/400340100000000400340192431170821000000000800023704159  000000000008200000000000000000000000000000000000000000000000000000000000000000000000000000000000000000000000000000000                          0000000000                                                                  000029
1021903727600017200000260206200016896                         00000000400351472681000000000000000000000000060216082126/400351400000000400351472681190821000000001100023704143  000000000008200000000000000000000000000000000000000000000000000000000000000000000000000000000000000000000000000000000                          0000000000                                                                  000030
1021903727600017200000260206200016896                         00000000400368644737000000000000000000000000060216082126/400368600000000400368644737170821000000000800023704422  000000000008200000000000000000000000000000000000000000000000000000000000000000000000000000000000000000000000000000000                          0000000000                                                                  000031
1021903727600017200000260206200016896                         00000000400378353692000000000000000000000000060216082126/400378300000000400378353692190821000000005000023704422  000000000008200000000000000000000000000000000000000000000000000000000000000000000000000000000000000000000000000000000                          0000000000                                                                  000032
1021903727600017200000260206200016896                         00000000400420199623000000000000000000000000060216082126/400420100000000400420199623190821000000000800023704159  000000000008200000000000000000000000000000000000000000000000000000000000000000000000000000000000000000000000000000000                          0000000000                                                                  000033
1021903727600017200000260206200016896                         00000000400452492144000000000000000000000000060216082126/400452400000000400452492144190821000000000800023704159  000000000008200000000000000000000000000000000000000000000000000000000000000000000000000000000000000000000000000000000                          0000000000                                                                  000034
1021903727600017200000260206200016896                         00000000400466896620000000000000000000000000060216082126/400466800000000400466896620170821000000000800023704422  000000000008200000000000000000000000000000000000000000000000000000000000000000000000000000000000000000000000000000000                          0000000000                                                                  000035
1021903727600017200000260206200016896                         00000000400471002549000000000000000000000000060216082126/400471000000000400471002549180821000000000800023704159  000000000008200000000000000000000000000000000000000000000000000000000000000000000000000000000000000000000000000000000                          0000000000                                                                  000036
1021903727600017200000260206200016896                         0000000040047561557P000000000000000000000000060216082126/40047560000000040047561557P190821000000012000023700153  000000000008200000000000000000000000000000000000000000000000000000000000000000000000000000000000000000000000000000000                          0000000000                                                                  000037
1021903727600017200000260206200016896                         00000000400477216346000000000000000000000000060216082126/400477200000000400477216346190821000000005000023704154  000000000008200000000000000000000000000000000000000000000000000000000000000000000000000000000000000000000000000000000                          0000000000                                                                  000038
1021903727600017200000260206200016896                         00000000400485232687000000000000000000000000060216082126/400485200000000400485232687170821000000001600023704428  000000000008200000000000000000000000000000000000000000000000000000000000000000000000000000000000000000000000000000000                          0000000000                                                                  000039
1021903727600017200000260206200016896                         00000000400487122692000000000000000000000000060216082126/400487100000000400487122692190821000000000800023704159  000000000008200000000000000000000000000000000000000000000000000000000000000000000000000000000000000000000000000000000                          0000000000                                                                  000040
1021903727600017200000260206200016896                         00000000400517857730000000000000000000000000060216082126/400517800000000400517857730190821000000001500023704159  000000000008200000000000000000000000000000000000000000000000000000000000000000000000000000000000000000000000000000000                          0000000000                                                                  000041
1021903727600017200000260206200016896                         00000000400528192889000000000000000000000000060216082126/400528100000000400528192889170821000000000800023704159  000000000008200000000000000000000000000000000000000000000000000000000000000000000000000000000000000000000000000000000                          0000000000                                                                  000042
1021903727600017200000260206200016896                         00000000400559817828000000000000000000000000060216082126/400559800000000400559817828170821000000000800023704422  000000000008200000000000000000000000000000000000000000000000000000000000000000000000000000000000000000000000000000000                          0000000000                                                                  000043
1021903727600017200000260206200016896                         0000000040056663061P000000000000000000000000060216082126/40056660000000040056663061P190821000000010000023704157  000000000008200000000000000000000000000000000000000000000000000000000000000000000000000000000000000000000000000000000                          0000000000                                                                  000044
1021903727600017200000260206200016896                         00000000400573663817000000000000000000000000060216082126/400573600000000400573663817190821000000010000023704157  000000000008200000000000000000000000000000000000000000000000000000000000000000000000000000000000000000000000000000000                          0000000000                                                                  000045
1021903727600017200000260206200016896                         00000000400603000842000000000000000000000000060216082126/400603000000000400603000842190821000000003000023704154  000000000008200000000000000000000000000000000000000000000000000000000000000000000000000000000000000000000000000000000                          0000000000                                                                  000046
1021903727600017200000260206200016896                         00000000400615806168000000000000000000000000060216082126/400615800000000400615806168160821000000008840023704154  000000000008200000000000000000000000000000000000000000000000000000000000000000000000000000000000000000000000000000000                          0000000000                                                                  000047
1021903727600017200000260206200016896                         00000000400617888757000000000000000000000000060216082126/400617800000000400617888757170821000000000800023704159  000000000008200000000000000000000000000000000000000000000000000000000000000000000000000000000000000000000000000000000                          0000000000                                                                  000048
1021903727600017200000260206200016896                         00000000400623672952000000000000000000000000060216082126/400623600000000400623672952190821000000006780023704158  000000000008200000000000000000000000000000000000000000000000000000000000000000000000000000000000000000000000000000000                          0000000000                                                                  000049
1021903727600017200000260206200016896                         00000000400634479488000000000000000000000000060216082126/400634400000000400634479488170821000000000800023704422  000000000008200000000000000000000000000000000000000000000000000000000000000000000000000000000000000000000000000000000                          0000000000                                                                  000050
1021903727600017200000260206200016896                         00000000400638231790000000000000000000000000060216082126/400638200000000400638231790170821000000000800023704159  000000000008200000000000000000000000000000000000000000000000000000000000000000000000000000000000000000000000000000000                          0000000000                                                                  000051
1021903727600017200000260206200016896                         00000000400645820270000000000000000000000000060216082126/400645800000000400645820270190821000000008000023704159  000000000008200000000000000000000000000000000000000000000000000000000000000000000000000000000000000000000000000000000                          0000000000                                                                  000052
1021903727600017200000260206200016896                         00000000400662507772000000000000000000000000060216082126/400662500000000400662507772190821000000000800023704159  000000000008200000000000000000000000000000000000000000000000000000000000000000000000000000000000000000000000000000000                          0000000000                                                                  000053
1021903727600017200000260206200016896                         0000000040068574447P000000000000000000000000060216082126/40068570000000040068574447P180821000000000800023704159  000000000008200000000000000000000000000000000000000000000000000000000000000000000000000000000000000000000000000000000                          0000000000                                                                  000054
1021903727600017200000260206200016896                         00000000400687194957000000000000000000000000060216082126/400687100000000400687194957190821000000005270023704426  000000000008200000000000000000000000000000000000000000000000000000000000000000000000000000000000000000000000000000000                          0000000000                                                                  000055
1021903727600017200000260206200016896                         00000000400689772273000000000000000000000000060216082126/400689700000000400689772273170821000000000800023700320  000000000008200000000000000000000000000000000000000000000000000000000000000000000000000000000000000000000000000000000                          0000000000                                                                  000056
1021903727600017200000260206200016896                         00000000400692901858000000000000000000000000060216082126/400692900000000400692901858190821000000005040023700140  000000000008200000000000000000000000000000000000000000000000000000000000000000000000000000000000000000000000000000000                          0000000000                                                                  000057
1021903727600017200000260206200016896                         00000000400708945117000000000000000000000000060216082126/400708900000000400708945117190821000000002000023704143  000000000008200000000000000000000000000000000000000000000000000000000000000000000000000000000000000000000000000000000                          0000000000                                                                  000058
1021903727600017200000260206200016896                         0000000040071848309P000000000000000000000000060216082126/40071840000000040071848309P170821000000000800023700140  000000000008200000000000000000000000000000000000000000000000000000000000000000000000000000000000000000000000000000000                          0000000000                                                                  000059
1021903727600017200000260206200016896                         00000000400730403387000000000000000000000000060216082126/400730400000000400730403387170821000000000800023704159  000000000008200000000000000000000000000000000000000000000000000000000000000000000000000000000000000000000000000000000                          0000000000                                                                  000060
1021903727600017200000260206200016896                         00000000400737589869000000000000000000000000060216082126/400737500000000400737589869190821000000000800023704159  000000000008200000000000000000000000000000000000000000000000000000000000000000000000000000000000000000000000000000000                          0000000000                                                                  000061
1021903727600017200000260206200016896                         00000000400756765953000000000000000000000000060216082126/400756700000000400756765953170821000000000800023700140  000000000008200000000000000000000000000000000000000000000000000000000000000000000000000000000000000000000000000000000                          0000000000                                                                  000062
1021903727600017200000260206200016896                         00000000400776391960000000000000000000000000060216082126/400776300000000400776391960180821000000000800023700320  000000000008200000000000000000000000000000000000000000000000000000000000000000000000000000000000000000000000000000000                          0000000000                                                                  000063
1021903727600017200000260206200016896                         00000000400787569095000000000000000000000000060216082126/400787500000000400787569095170821000000000800023704159  000000000008200000000000000000000000000000000000000000000000000000000000000000000000000000000000000000000000000000000                          0000000000                                                                  000064
1021903727600017200000260206200016896                         00000000400794681313000000000000000000000000060216082126/400794600000000400794681313170821000000000800023704422  000000000008200000000000000000000000000000000000000000000000000000000000000000000000000000000000000000000000000000000                          0000000000                                                                  000065
1021903727600017200000260206200016896                         00000000400809101874000000000000000000000000060216082126/400809100000000400809101874170821000000000800023704422  000000000008200000000000000000000000000000000000000000000000000000000000000000000000000000000000000000000000000000000                          0000000000                                                                  000066
1021903727600017200000260206200016896                         00000000400837784170000000000000000000000000060216082126/400837700000000400837784170190821000000000800023704159  000000000008200000000000000000000000000000000000000000000000000000000000000000000000000000000000000000000000000000000                          0000000000                                                                  000067
1021903727600017200000260206200016896                         00000000400845111355000000000000000000000000060216082126/400845100000000400845111355170821000000000800023704422  000000000008200000000000000000000000000000000000000000000000000000000000000000000000000000000000000000000000000000000                          0000000000                                                                  000068
1021903727600017200000260206200016896                         00000000400871035128000000000000000000000000060216082126/400871000000000400871035128190821000000000800023704159  000000000008200000000000000000000000000000000000000000000000000000000000000000000000000000000000000000000000000000000                          0000000000                                                                  000069
1021903727600017200000260206200016896                         00000000400873077596000000000000000000000000060216082126/400873000000000400873077596190821000000001500023704159  000000000008200000000000000000000000000000000000000000000000000000000000000000000000000000000000000000000000000000000                          0000000000                                                                  000070
1021903727600017200000260206200016896                         0000000040088916877P000000000000000000000000060216082126/40088910000000040088916877P170821000000000800023704159  000000000008200000000000000000000000000000000000000000000000000000000000000000000000000000000000000000000000000000000                          0000000000                                                                  000071
1021903727600017200000260206200016896                         00000000400889610901000000000000000000000000060216082126/400889600000000400889610901170821000000000800023704159  000000000008200000000000000000000000000000000000000000000000000000000000000000000000000000000000000000000000000000000                          0000000000                                                                  000072
1021903727600017200000260206200016896                         00000000400889697829000000000000000000000000060216082126/400889600000000400889697829170821000000000800023704422  000000000008200000000000000000000000000000000000000000000000000000000000000000000000000000000000000000000000000000000                          0000000000                                                                  000073
1021903727600017200000260206200016896                         00000000400902016283000000000000000000000000060216082126/400902000000000400902016283170821000000000800023704159  000000000008200000000000000000000000000000000000000000000000000000000000000000000000000000000000000000000000000000000                          0000000000                                                                  000074
1021903727600017200000260206200016896                         00000000400913778967000000000000000000000000060216082126/400913700000000400913778967190821000000000800023704159  000000000008200000000000000000000000000000000000000000000000000000000000000000000000000000000000000000000000000000000                          0000000000                                                                  000075
1021903727600017200000260206200016896                         00000000400919126546000000000000000000000000060216082126/400919100000000400919126546170821000000000800023704422  000000000008200000000000000000000000000000000000000000000000000000000000000000000000000000000000000000000000000000000                          0000000000                                                                  000076
1021903727600017200000260206200016896                         00000000400970812047000000000000000000000000060216082126/400970800000000400970812047180821000000001340023704452  000000000008200000000000000000000000000000000000000000000000000000000000000000000000000000000000000000000000000000000                          7600000000                                                                  000077
1021903727600017200000260206200016896                         00000000400981155064000000000000000000000000060216082126/400981100000000400981155064170821000000000800023704159  000000000008200000000000000000000000000000000000000000000000000000000000000000000000000000000000000000000000000000000                          0000000000                                                                  000078
1021903727600017200000260206200016896                         00000000400998736419000000000000000000000000060216082126/400998700000000400998736419190821000000000800023704159  000000000008200000000000000000000000000000000000000000000000000000000000000000000000000000000000000000000000000000000                          0000000000                                                                  000079
1021903727600017200000260206200016896                         00000000600101348097000000000000000000000000060216082126/600101300000000600101348097180821000000000089923704400  000000000008200000000000000000000000000000000000000000000000000000000000000000000000000000000000000000000000000000000                          0000000000                                                                  000080
1021903727600017200000260206200016896                         00000000600300685035000000000000000000000000060216082126/600300600000000600300685035180821000000000109923704400  000000000008200000000000000000000000000000000000000000000000000000000000000000000000000000000000000000000000000000000                          0000000000                                                                  000081
1021903727600017200000260206200016896                         00000000600803719638000000000000000000000000060216082126/600803700000000600803719638170821000000000269923704147  000000000008200000000000000000000000000000000000000000000000000000000000000000000000000000000000000000000000000000000                          0000000000                                                                  000082
1021903727600017200000260206200016896                         0000000010003106672P000000000000000000000000060616082126/10003100000000010003106672P170821000000000147063300001  000000000000000000000000000000000000000000000000000000000000000000000000000000000000000147000000000000000000000000000   170821             00000000000000                                                                  000083
1021903727600017200000260206200016896                         00000000100031071081000000000000000000000000060616082126/100031000000000100031071081170821000000034159634106805  000000000000000000000000000000000000000000000000000000000000000000000000000000000000034159600000000000000000000000000   170821             00000000000000                                                                  000084
1021903727600017200000260206200016896                         00000000100031118169000000000000000000000000060616082126/100031100000000100031118169170821000000000360034109926  000000000000000000000000000000000000000000000000000000000000000000000000000000000000000360000000000000000000000000000   170821             00000000000000                                                                  000085
1021903727600017200000260206200016896                         00000000200053747512000000000000000000000000060616082126/200053700000000200053747512170821000000000500000100329  000000000000000000000000000000000000000000000000000000000000000000000000000000000000000500000000000000000000000000000   170821             00000000000000                                                                  000086
1021903727600017200000260206200016896                         00000000200402796860000000000000000000000000060616082126/200402700000000200402796860170821000000000629923700369  000000000000000000000000000000000000000000000000000000000000000000000000000000000000000629900000000000000000000000000   170821             00000000000000                                                                  000087
1021903727600017200000260206200016896                         00000000200516250205000000000000000000000000060616082126/200516200000000200516250205150821000000000626010400360  000000000000000000000000000000000000000000000000000000000000000000000000000000000000000626000000000000000000000000000   170821             00000000000000                                                                  000088
1021903727600017200000260206200016896                         00000000200833113647000000000000000000000000060616082126/200833100000000200833113647180821000000000071821200001  000000000000000000000000000000000000000000000000000000000000000000000000000000000000000071800000000000000000000000000   170821             00000000000000                                                                  000089
1021903727600017200000260206200016896                         00000000400031656180000000000000000000000000060616082126/400031600000000400031656180170821000000000800065500001  000000000000000000000000000000000000000000000000000000000000000000000000000000000000000800000000000000000000000000000   170821             00000000000000                                                                  000090
1021903727600017200000260206200016896                         00000000400070139924000000000000000000000000060616082126/400070100000000400070139924170821000000000800065500001  000000000000000000000000000000000000000000000000000000000000000000000000000000000000000800000000000000000000000000000   170821             00000000000000                                                                  000091
1021903727600017200000260206200016896                         00000000400100505823000000000000000000000000060616082126/400100500000000400100505823170821000000000800065500001  000000000000000000000000000000000000000000000000000000000000000000000000000000000000000800000000000000000000000000000   170821             00000000000000                                                                  000092
1021903727600017200000260206200016896                         00000000400130338379000000000000000000000000060616082126/400130300000000400130338379170821000000000800065500001  000000000000000000000000000000000000000000000000000000000000000000000000000000000000000800000000000000000000000000000   170821             00000000000000                                                                  000093
1021903727600017200000260206200016896                         00000000400137766635000000000000000000000000060616082126/400137700000000400137766635170821000000000800065500001  000000000000000000000000000000000000000000000000000000000000000000000000000000000000000800000000000000000000000000000   170821             00000000000000                                                                  000094
1021903727600017200000260206200016896                         00000000400158785907000000000000000000000000060616082126/400158700000000400158785907190821000000010000010400389  000000000000000000000000000000000000000000000000000000000000000000000000000000000000010000000000000000000000000000000   170821             00000000000000                                                                  000095
1021903727600017200000260206200016896                         00000000400202289319000000000000000000000000060616082126/400202200000000400202289319170821000000000800065500001  000000000000000000000000000000000000000000000000000000000000000000000000000000000000000800000000000000000000000000000   170821             00000000000000                                                                  000096
1021903727600017200000260206200016896                         00000000400204636938000000000000000000000000060616082126/400204600000000400204636938190821000000010000010400389  000000000000000000000000000000000000000000000000000000000000000000000000000000000000010000000000000000000000000000000   170821             00000000000000                                                                  000097
1021903727600017200000260206200016896                         00000000400305647949000000000000000000000000060616082126/400305600000000400305647949170821000000000800065500001  000000000000000000000000000000000000000000000000000000000000000000000000000000000000000800000000000000000000000000000   170821             00000000000000                                                                  000098
1021903727600017200000260206200016896                         00000000400315559975000000000000000000000000060616082126/400315500000000400315559975170821000000000800065500001  000000000000000000000000000000000000000000000000000000000000000000000000000000000000000800000000000000000000000000000   170821             00000000000000                                                                  000099
1021903727600017200000260206200016896                         00000000400317976530000000000000000000000000060616082126/400317900000000400317976530170821000000000800065500001  000000000000000000000000000000000000000000000000000000000000000000000000000000000000000800000000000000000000000000000   170821             00000000000000                                                                  000100
1021903727600017200000260206200016896                         00000000400320002059000000000000000000000000060616082126/400320000000000400320002059160821000000002000075602274  000000000000000000000000000000000000000000000000000000000000000000000000000000000000002000000000000000000000000000000   170821             00000000000000                                                                  000101
1021903727600017200000260206200016896                         00000000400320949269000000000000000000000000060616082126/400320900000000400320949269170821000000000800065500001  000000000000000000000000000000000000000000000000000000000000000000000000000000000000000800000000000000000000000000000   170821             00000000000000                                                                  000102
1021903727600017200000260206200016896                         00000000400333622927000000000000000000000000060616082126/400333600000000400333622927170821000000000800065500001  000000000000000000000000000000000000000000000000000000000000000000000000000000000000000800000000000000000000000000000   170821             00000000000000                                                                  000103
1021903727600017200000260206200016896                         00000000400338780075000000000000000000000000060616082126/400338700000000400338780075170821000000000800065500001  000000000000000000000000000000000000000000000000000000000000000000000000000000000000000800000000000000000000000000000   170821             00000000000000                                                                  000104
1021903727600017200000260206200016896                         00000000400340192431000000000000000000000000060616082126/400340100000000400340192431170821000000000800065500001  000000000000000000000000000000000000000000000000000000000000000000000000000000000000000800000000000000000000000000000   170821             00000000000000                                                                  000105
1021903727600017200000260206200016896                         00000000400351472681000000000000000000000000060616082126/400351400000000400351472681190821000000001100008501071  000000000000000000000000000000000000000000000000000000000000000000000000000000000000001100000000000000000000000000000   170821             00000000000000                                                                  000106
1021903727600017200000260206200016896                         00000000400351532102000000000000000000000000060616082126/400351500000000400351532102160821000000001370065500001  000000000000000000000000000000000000000000000000000000000000000000000000000000000000001370000000000000000000000000000   170821             00000000000000                                                                  000107
1021903727600017200000260206200016896                         00000000400368644737000000000000000000000000060616082126/400368600000000400368644737170821000000000800065500001  000000000000000000000000000000000000000000000000000000000000000000000000000000000000000800000000000000000000000000000   170821             00000000000000                                                                  000108
1021903727600017200000260206200016896                         00000000400420199623000000000000000000000000060616082126/400420100000000400420199623190821000000000800065500001  000000000000000000000000000000000000000000000000000000000000000000000000000000000000000800000000000000000000000000000   170821             00000000000000                                                                  000109
1021903727600017200000260206200016896                         00000000400466896620000000000000000000000000060616082126/400466800000000400466896620170821000000000800065500001  000000000000000000000000000000000000000000000000000000000000000000000000000000000000000800000000000000000000000000000   170821             00000000000000                                                                  000110
1021903727600017200000260206200016896                         00000000400477216346000000000000000000000000060616082126/400477200000000400477216346190821000000005000010400721  000000000000000000000000000000000000000000000000000000000000000000000000000000000000005000000000000000000000000000000   170821             00000000000000                                                                  000111
1021903727600017200000260206200016896                         00000000400485232687000000000000000000000000060616082126/400485200000000400485232687170821000000001600010404331  000000000000000000000000000000000000000000000000000000000000000000000000000000000000001600000000000000000000000000000   170821             00000000000000                                                                  000112
1021903727600017200000260206200016896                         00000000400517857730000000000000000000000000060616082126/400517800000000400517857730190821000000001500065500001  000000000000000000000000000000000000000000000000000000000000000000000000000000000000001500000000000000000000000000000   170821             00000000000000                                                                  000113
1021903727600017200000260206200016896                         00000000400528192889000000000000000000000000060616082126/400528100000000400528192889170821000000000800065500001  000000000000000000000000000000000000000000000000000000000000000000000000000000000000000800000000000000000000000000000   170821             00000000000000                                                                  000114
1021903727600017200000260206200016896                         00000000400603000842000000000000000000000000060616082126/400603000000000400603000842190821000000003000010400721  000000000000000000000000000000000000000000000000000000000000000000000000000000000000003000000000000000000000000000000   170821             00000000000000                                                                  000115
1021903727600017200000260206200016896                         00000000400615806168000000000000000000000000060616082126/400615800000000400615806168160821000000008840075601396  000000000000000000000000000000000000000000000000000000000000000000000000000000000000008840000000000000000000000000000   170821             00000000000000                                                                  000116
1021903727600017200000260206200016896                         00000000400623672952000000000000000000000000060616082126/400623600000000400623672952190821000000006780010400407  000000000000000000000000000000000000000000000000000000000000000000000000000000000000006780000000000000000000000000000   170821             00000000000000                                                                  000117
1021903727600017200000260206200016896                         00000000400638231790000000000000000000000000060616082126/400638200000000400638231790170821000000000800065500001  000000000000000000000000000000000000000000000000000000000000000000000000000000000000000800000000000000000000000000000   170821             00000000000000                                                                  000118
1021903727600017200000260206200016896                         00000000400645820270000000000000000000000000060616082126/400645800000000400645820270190821000000008000000100922  000000000000000000000000000000000000000000000000000000000000000000000000000000000000008000000000000000000000000000000   170821             00000000000000                                                                  000119
1021903727600017200000260206200016896                         00000000400687194957000000000000000000000000060616082126/400687100000000400687194957190821000000005270004100377  000000000000000000000000000000000000000000000000000000000000000000000000000000000000005270000000000000000000000000000   170821             00000000000000                                                                  000120
1021903727600017200000260206200016896                         00000000400689772273000000000000000000000000060616082126/400689700000000400689772273170821000000000800063300001  000000000000000000000000000000000000000000000000000000000000000000000000000000000000000800000000000000000000000000000   170821             00000000000000                                                                  000121
1021903727600017200000260206200016896                         00000000400692901858000000000000000000000000060616082126/400692900000000400692901858190821000000005040007000268  000000000000000000000000000000000000000000000000000000000000000000000000000000000000005040000000000000000000000000000   170821             00000000000000                                                                  000122
1021903727600017200000260206200016896                         00000000400708945117000000000000000000000000060616082126/400708900000000400708945117190821000000002000075600162  000000000000000000000000000000000000000000000000000000000000000000000000000000000000002000000000000000000000000000000   170821             00000000000000                                                                  000123
1021903727600017200000260206200016896                         00000000400730403387000000000000000000000000060616082126/400730400000000400730403387170821000000000800065500001  000000000000000000000000000000000000000000000000000000000000000000000000000000000000000800000000000000000000000000000   170821             00000000000000                                                                  000124
1021903727600017200000260206200016896                         00000000400756765953000000000000000000000000060616082126/400756700000000400756765953170821000000000800063300001  000000000000000000000000000000000000000000000000000000000000000000000000000000000000000800000000000000000000000000000   170821             00000000000000                                                                  000125
1021903727600017200000260206200016896                         00000000400787569095000000000000000000000000060616082126/400787500000000400787569095170821000000000800065500001  000000000000000000000000000000000000000000000000000000000000000000000000000000000000000800000000000000000000000000000   170821             00000000000000                                                                  000126
1021903727600017200000260206200016896                         00000000400794681313000000000000000000000000060616082126/400794600000000400794681313170821000000000800065500001  000000000000000000000000000000000000000000000000000000000000000000000000000000000000000800000000000000000000000000000   170821             00000000000000                                                                  000127
1021903727600017200000260206200016896                         00000000400837784170000000000000000000000000060616082126/400837700000000400837784170190821000000000800065500001  000000000000000000000000000000000000000000000000000000000000000000000000000000000000000800000000000000000000000000000   170821             00000000000000                                                                  000128
1021903727600017200000260206200016896                         00000000400845111355000000000000000000000000060616082126/400845100000000400845111355170821000000000800065500001  000000000000000000000000000000000000000000000000000000000000000000000000000000000000000800000000000000000000000000000   170821             00000000000000                                                                  000129
1021903727600017200000260206200016896                         0000000040088916877P000000000000000000000000060616082126/40088910000000040088916877P170821000000000800065500001  000000000000000000000000000000000000000000000000000000000000000000000000000000000000000800000000000000000000000000000   170821             00000000000000                                                                  000130
1021903727600017200000260206200016896                         00000000400889610901000000000000000000000000060616082126/400889600000000400889610901170821000000000800065500001  000000000000000000000000000000000000000000000000000000000000000000000000000000000000000800000000000000000000000000000   170821             00000000000000                                                                  000131
1021903727600017200000260206200016896                         00000000400889697829000000000000000000000000060616082126/400889600000000400889697829170821000000000800065500001  000000000000000000000000000000000000000000000000000000000000000000000000000000000000000800000000000000000000000000000   170821             00000000000000                                                                  000132
1021903727600017200000260206200016896                         00000000400902016283000000000000000000000000060616082126/400902000000000400902016283170821000000000800065500001  000000000000000000000000000000000000000000000000000000000000000000000000000000000000000800000000000000000000000000000   170821             00000000000000                                                                  000133
1021903727600017200000260206200016896                         00000000400970812047000000000000000000000000060616082126/400970800000000400970812047180821000000001340075604327  000000000000000000000000000000000000000000000000000000000000000000000000000000000000001340000000000000000000000000000   170821             00000000000000                                                                  000134
1021903727600017200000260206200016896                         00000000400981155064000000000000000000000000060616082126/400981100000000400981155064170821000000000800065500001  000000000000000000000000000000000000000000000000000000000000000000000000000000000000000800000000000000000000000000000   170821             00000000000000                                                                  000135
1021903727600017200000260206200016896                         00000000400998736419000000000000000000000000060616082126/400998700000000400998736419190821000000000800065500001  000000000000000000000000000000000000000000000000000000000000000000000000000000000000000800000000000000000000000000000   170821             00000000000000                                                                  000136
1021903727600017200000260206200016896                         00000000600101348097000000000000000000000000060616082126/600101300000000600101348097180821000000000089921200001  000000000000000000000000000000000000000000000000000000000000000000000000000000000000000089900000000000000000000000000   170821             00000000000000                                                                  000137
1021903727600017200000260206200016896                         00000000600803719638000000000000000000000000060616082126/600803700000000600803719638170821000000000269926000001  000000000000000000000000000000000000000000000000000000000000000000000000000000000000000269900000000000000000000000000   170821             00000000000000                                                                  000138
1021903727600017200000260206200016896                         00000000200001391248000000000000000000000000061016082126/200001300000000200001391248140621000000000710023700000  000000000000000000000000000000000000000000000000000000000000000000000000000000000000000000000000000000000000000000000                          1600000000                                                                  000139
1021903727600017200000260206200016896                         00000000200151564744000000000000000000000000061016082126/200151500000000200151564744140621000000000186723700000  000000000000000000000000000000000000000000000000000000000000000000000000000000000000000000000000000000000000000000000                          1600000000                                                                  000140
1021903727600017200000260206200016896                         00000000200264404107000000000000000000000000061016082126/200264400000000200264404107140621000000000186723700000  000000000000000000000000000000000000000000000000000000000000000000000000000000000000000000000000000000000000000000000                          1600000000                                                                  000141
1021903727600017200000260206200016896                         00000000200310937735000000000000000000000000061016082126/200310900000000200310937735150621000000000188823700000  000000000000000000000000000000000000000000000000000000000000000000000000000000000000000000000000000000000000000000000                          1600000000                                                                  000142
1021903727600017200000260206200016896                         00000000200528471630000000000000000000000000061016082126/200528400000000200528471630140621000000000773423700000  000000000000000000000000000000000000000000000000000000000000000000000000000000000000000000000000000000000000000000000                          1600000000                                                                  000143
1021903727600017200000260206200016896                         00000000200642146707000000000000000000000000061016082126/200642100000000200642146707140621000000000119923700000  000000000000000000000000000000000000000000000000000000000000000000000000000000000000000000000000000000000000000000000                          1600000000                                                                  000144
1021903727600017200000260206200016896                         00000000200799071301000000000000000000000000061016082126/200799000000000200799071301140621000000000049923700000  000000000000000000000000000000000000000000000000000000000000000000000000000000000000000000000000000000000000000000000                          1600000000                                                                  000145
1021903727600017200000260206200016896                         00000000200882768861000000000000000000000000061016082126/200882700000000200882768861140621000000000910023700000  000000000000000000000000000000000000000000000000000000000000000000000000000000000000000000000000000000000000000000000                          1600000000                                                                  000146
1021903727600017200000260206200016896                         00000000200944582808000000000000000000000000061016082126/200944500000000200944582808160621000000000511023700000  000000000000000000000000000000000000000000000000000000000000000000000000000000000000000000000000000000000000000000000                          1600000000                                                                  000147
1021903727600017200000260206200016896                         00000000200982192851000000000000000000000000061016082126/200982100000000200982192851160621000000000275223700000  000000000000000000000000000000000000000000000000000000000000000000000000000000000000000000000000000000000000000000000                          1600000000                                                                  000148
1021903727600017200000260206200016896                         00000000400053596165000000000000000000000000061016082126/400053500000000400053596165150621000000150000023700000  000000000000000000000000000000000000000000000000000000000000000000000000000000000000000000000000000000000000000000000                          1600000000                                                                  000149
1021903727600017200000260206200016896                         00000000400168010016000000000000000000000000061016082126/400168000000000400168010016140621000000001000023700000  000000000000000000000000000000000000000000000000000000000000000000000000000000000000000000000000000000000000000000000                          1600000000                                                                  000150
1021903727600017200000260206200016896                         00000000400212043741000000000000000000000000061016082126/400212000000000400212043741140621000000008000023700000  000000000000000000000000000000000000000000000000000000000000000000000000000000000000000000000000000000000000000000000                          1600000000                                                                  000151
1021903727600017200000260206200016896                         00000000400319832420000000000000000000000000061016082126/400319800000000400319832420160621000000010000023700000  000000000000000000000000000000000000000000000000000000000000000000000000000000000000000000000000000000000000000000000                          1600000000                                                                  000152
1021903727600017200000260206200016896                         0000000040040733760P000000000000000000000000061016082126/40040730000000040040733760P150621000000000800023700000  000000000000000000000000000000000000000000000000000000000000000000000000000000000000000000000000000000000000000000000                          1600000000                                                                  000153
1021903727600017200000260206200016896                         00000000400474986752000000000000000000000000061016082126/400474900000000400474986752160621000000000800023700000  000000000000000000000000000000000000000000000000000000000000000000000000000000000000000000000000000000000000000000000                          1600000000                                                                  000154
1021903727600017200000260206200016896                         00000000400654589085000000000000000000000000061016082126/400654500000000400654589085140621000000001500023700000  000000000000000000000000000000000000000000000000000000000000000000000000000000000000000000000000000000000000000000000                          1600000000                                                                  000155
1021903727600017200000260206200016896                         00000000400655939691000000000000000000000000061016082126/400655900000000400655939691150621000000003000023700000  000000000000000000000000000000000000000000000000000000000000000000000000000000000000000000000000000000000000000000000                          1600000000                                                                  000156
1021903727600017200000260206200016896                         00000000400681444897000000000000000000000000061016082126/400681400000000400681444897140621000000004000023700000  000000000000000000000000000000000000000000000000000000000000000000000000000000000000000000000000000000000000000000000                          1600000000                                                                  000157
1021903727600017200000260206200016896                         00000000400769988110000000000000000000000000061016082126/400769900000000400769988110160621000000003000023700000  000000000000000000000000000000000000000000000000000000000000000000000000000000000000000000000000000000000000000000000                          1600000000                                                                  000158
1021903727600017200000260206200016896                         00000000400792439469000000000000000000000000061016082126/400792400000000400792439469140621000000004000023700000  000000000000000000000000000000000000000000000000000000000000000000000000000000000000000000000000000000000000000000000                          1600000000                                                                  000159
1021903727600017200000260206200016896                         00000000400886399770000000000000000000000000061016082126/400886300000000400886399770160621000000010000023700000  000000000000000000000000000000000000000000000000000000000000000000000000000000000000000000000000000000000000000000000                          1600000000                                                                  000160
1021903727600017200000260206200016896                         00000000600693061488000000000000000000000000061016082126/600693000000000600693061488150621000000000269923700000  000000000000000000000000000000000000000000000000000000000000000000000000000000000000000000000000000000000000000000000                          1600000000                                                                  000161
9201237          000005290000001141996600000746          00081000001852278000001344941000560000013449410002300000200281500000000000000000000000000000000000000000000000000000000000000000000                                                                                                                                                                              00000000000000000000000         000162
