02RETORNO01COBRANCA       00000000000005034448E-PREPAG ADMINISTRADORA DE CAR237BRADESCO       1701220160000000851                                                                                                                                                                                                                                                                          180122         000001
1021903727600017200000260206200016896                         00000000100032499328000000000000000000000000060217012226/100032400000000100032499328180122000000000260423704400  000000000008200000000000000000000000000000000000000000000000000000000000000000000000000000000000000000000000000000000                          0000000000                                                                  000002
1021903727600017200000260206200016896                         00000000100032507622000000000000000000000000060217012226/100032500000000100032507622180122000000015707423704602  000000000008200000000000000000000000000000000000000000000000000000000000000000000000000000000000000000000000000000000                          0000000000                                                                  000003
1021903727600017200000260206200016896                         00000000100032508475000000000000000000000000060217012226/100032500000000100032508475180122000000006423423704159  000000000008200000000000000000000000000000000000000000000000000000000000000000000000000000000000000000000000000000000                          0000000000                                                                  000004
1021903727600017200000260206200016896                         00000000100032557611000000000000000000000000060217012226/100032500000000100032557611180122000000001334023704152  000000000008200000000000000000000000000000000000000000000000000000000000000000000000000000000000000000000000000000000                          0000000000                                                                  000005
1021903727600017200000260206200016896                         00000000200234540685000000000000000000000000060217012226/200234500000000200234540685200122000000000996223704424  000000000008200000000000000000000000000000000000000000000000000000000000000000000000000000000000000000000000000000000                          0000000000                                                                  000006
1021903727600017200000260206200016896                         00000000200275753707000000000000000000000000060217012226/200275700000000200275753707200122000000000996223704424  000000000008200000000000000000000000000000000000000000000000000000000000000000000000000000000000000000000000000000000                          0000000000                                                                  000007
1021903727600017200000260206200016896                         00000000200412094023000000000000000000000000060217012226/200412000000000200412094023200122000000000857323704422  000000000008200000000000000000000000000000000000000000000000000000000000000000000000000000000000000000000000000000000                          0000000000                                                                  000008
1021903727600017200000260206200016896                         00000000200460164319000000000000000000000000060217012226/200460100000000200460164319190122000000000269923704422  000000000008200000000000000000000000000000000000000000000000000000000000000000000000000000000000000000000000000000000                          7600000000                                                                  000009
1021903727600017200000260206200016896                         00000000200524801512000000000000000000000000060217012226/200524800000000200524801512180122000000001162523704159  000000000008200000000000000000000000000000000000000000000000000000000000000000000000000000000000000000000000000000000                          0000000000                                                                  000010
1021903727600017200000260206200016896                         00000000200614845543000000000000000000000000060217012226/200614800000000200614845543180122000000001360023700140  000000000008200000000000000000000000000000000000000000000000000000000000000000000000000000000000000000000000000000000                          0000000000                                                                  000011
1021903727600017200000260206200016896                         00000000200658189112000000000000000000000000060217012226/200658100000000200658189112200122000000000719023704452  000000000008200000000000000000000000000000000000000000000000000000000000000000000000000000000000000000000000000000000                          0000000000                                                                  000012
1021903727600017200000260206200016896                         00000000200763500354000000000000000000000000060217012226/200763500000000200763500354200122000000000500023704452  000000000008200000000000000000000000000000000000000000000000000000000000000000000000000000000000000000000000000000000                          7600000000                                                                  000013
1021903727600017200000260206200016896                         00000000200839259651000000000000000000000000060217012226/200839200000000200839259651200122000000000719023704400  000000000008200000000000000000000000000000000000000000000000000000000000000000000000000000000000000000000000000000000                          0000000000                                                                  000014
1021903727600017200000260206200016896                         00000000200858195338000000000000000000000000060217012226/200858100000000200858195338200122000000001106423704422  000000000008200000000000000000000000000000000000000000000000000000000000000000000000000000000000000000000000000000000                          0000000000                                                                  000015
1021903727600017200000260206200016896                         00000000200867673889000000000000000000000000060217012226/200867600000000200867673889180122000000000750023704400  000000000008200000000000000000000000000000000000000000000000000000000000000000000000000000000000000000000000000000000                          0000000000                                                                  000016
1021903727600017200000260206200016896                         00000000200890094322000000000000000000000000060217012226/200890000000000200890094322200122000000001659923704424  000000000008200000000000000000000000000000000000000000000000000000000000000000000000000000000000000000000000000000000                          0000000000                                                                  000017
1021903727600017200000260206200016896                         00000000400030711188000000000000000000000000060217012226/400030700000000400030711188180122000000002500023704158  000000000008200000000000000000000000000000000000000000000000000000000000000000000000000000000000000000000000000000000                          0000000000                                                                  000018
1021903727600017200000260206200016896                         00000000400103258568000000000000000000000000060217012226/400103200000000400103258568200122000000000800023704159  000000000008200000000000000000000000000000000000000000000000000000000000000000000000000000000000000000000000000000000                          0000000000                                                                  000019
1021903727600017200000260206200016896                         00000000400176709215000000000000000000000000060217012226/400176700000000400176709215200122000000000800023704159  000000000008200000000000000000000000000000000000000000000000000000000000000000000000000000000000000000000000000000000                          0000000000                                                                  000020
1021903727600017200000260206200016896                         00000000400185382105000000000000000000000000060217012226/400185300000000400185382105200122000000003800023704154  000000000008200000000000000000000000000000000000000000000000000000000000000000000000000000000000000000000000000000000                          0000000000                                                                  000021
1021903727600017200000260206200016896                         00000000400190577879000000000000000000000000060217012226/400190500000000400190577879180122000000002000023704143  000000000008200000000000000000000000000000000000000000000000000000000000000000000000000000000000000000000000000000000                          0000000000                                                                  000022
1021903727600017200000260206200016896                         00000000400228710993000000000000000000000000060217012226/400228700000000400228710993200122000000000800023704159  000000000008200000000000000000000000000000000000000000000000000000000000000000000000000000000000000000000000000000000                          0000000000                                                                  000023
1021903727600017200000260206200016896                         00000000400237215377000000000000000000000000060217012226/400237200000000400237215377200122000000005000023704159  000000000008200000000000000000000000000000000000000000000000000000000000000000000000000000000000000000000000000000000                          0000000000                                                                  000024
1021903727600017200000260206200016896                         00000000400243647254000000000000000000000000060217012226/400243600000000400243647254200122000000000800023704159  000000000008200000000000000000000000000000000000000000000000000000000000000000000000000000000000000000000000000000000                          0000000000                                                                  000025
1021903727600017200000260206200016896                         00000000400276389684000000000000000000000000060217012226/400276300000000400276389684200122000000099000023704151  000000000008200000000000000000000000000000000000000000000000000000000000000000000000000000000000000000000000000000000                          7600000000                                                                  000026
1021903727600017200000260206200016896                         00000000400279656500000000000000000000000000060217012226/400279600000000400279656500200122000000001690023704452  000000000000000000000000000000000000000000000000000000000000000000000000000000000000000000000000000000000000000000000                          7600000000                                                                  000027
1021903727600017200000260206200016896                         00000000400305777869000000000000000000000000060217012226/400305700000000400305777869200122000000005000023704157  000000000008200000000000000000000000000000000000000000000000000000000000000000000000000000000000000000000000000000000                          0000000000                                                                  000028
1021903727600017200000260206200016896                         00000000400364052479000000000000000000000000060217012226/400364000000000400364052479200122000000000800023704159  000000000008200000000000000000000000000000000000000000000000000000000000000000000000000000000000000000000000000000000                          0000000000                                                                  000029
1021903727600017200000260206200016896                         00000000400406513013000000000000000000000000060217012226/400406500000000400406513013200122000000000800023704159  000000000008200000000000000000000000000000000000000000000000000000000000000000000000000000000000000000000000000000000                          0000000000                                                                  000030
1021903727600017200000260206200016896                         0000000040040668022P000000000000000000000000060217012226/40040660000000040040668022P200122000000003000023704159  000000000008200000000000000000000000000000000000000000000000000000000000000000000000000000000000000000000000000000000                          0000000000                                                                  000031
1021903727600017200000260206200016896                         00000000400468078542000000000000000000000000060217012226/400468000000000400468078542200122000000000800023704159  000000000008200000000000000000000000000000000000000000000000000000000000000000000000000000000000000000000000000000000                          0000000000                                                                  000032
1021903727600017200000260206200016896                         00000000400522421673000000000000000000000000060217012226/400522400000000400522421673200122000000030000023704151  000000000000000000000000000000000000000000000000000000000000000000000000000000000000000000000000000000000000000000000                          0000000000                                                                  000033
1021903727600017200000260206200016896                         00000000400577634269000000000000000000000000060217012226/400577600000000400577634269200122000000001030023700140  000000000008200000000000000000000000000000000000000000000000000000000000000000000000000000000000000000000000000000000                          0000000000                                                                  000034
1021903727600017200000260206200016896                         00000000400593999579000000000000000000000000060217012226/400593900000000400593999579200122000000001740023700153  000000000008200000000000000000000000000000000000000000000000000000000000000000000000000000000000000000000000000000000                          0000000000                                                                  000035
1021903727600017200000260206200016896                         0000000040059455872P000000000000000000000000060217012226/40059450000000040059455872P200122000000012000023704158  000000000008200000000000000000000000000000000000000000000000000000000000000000000000000000000000000000000000000000000                          0000000000                                                                  000036
1021903727600017200000260206200016896                         0000000040059455905P000000000000000000000000060217012226/40059450000000040059455905P200122000000000800023704159  000000000008200000000000000000000000000000000000000000000000000000000000000000000000000000000000000000000000000000000                          0000000000                                                                  000037
1021903727600017200000260206200016896                         00000000400609357238000000000000000000000000060217012226/400609300000000400609357238200122000000001000023704158  000000000008200000000000000000000000000000000000000000000000000000000000000000000000000000000000000000000000000000000                          0000000000                                                                  000038
1021903727600017200000260206200016896                         00000000400652359201000000000000000000000000060217012226/400652300000000400652359201200122000000000800023704159  000000000008200000000000000000000000000000000000000000000000000000000000000000000000000000000000000000000000000000000                          0000000000                                                                  000039
1021903727600017200000260206200016896                         00000000400656810277000000000000000000000000060217012226/400656800000000400656810277180122000000002500023704151  000000000008200000000000000000000000000000000000000000000000000000000000000000000000000000000000000000000000000000000                          0000000000                                                                  000040
1021903727600017200000260206200016896                         00000000400706859353000000000000000000000000060217012226/400706800000000400706859353200122000000000800023704159  000000000008200000000000000000000000000000000000000000000000000000000000000000000000000000000000000000000000000000000                          0000000000                                                                  000041
1021903727600017200000260206200016896                         00000000400715274848000000000000000000000000060217012226/400715200000000400715274848200122000000000800023704159  000000000008200000000000000000000000000000000000000000000000000000000000000000000000000000000000000000000000000000000                          0000000000                                                                  000042
1021903727600017200000260206200016896                         00000000400717265943000000000000000000000000060217012226/400717200000000400717265943200122000000004000023700140  000000000008200000000000000000000000000000000000000000000000000000000000000000000000000000000000000000000000000000000                          0000000000                                                                  000043
1021903727600017200000260206200016896                         00000000400736458655000000000000000000000000060217012226/400736400000000400736458655200122000000000800023704159  000000000008200000000000000000000000000000000000000000000000000000000000000000000000000000000000000000000000000000000                          0000000000                                                                  000044
1021903727600017200000260206200016896                         00000000400751846645000000000000000000000000060217012226/400751800000000400751846645200122000000009500023704157  000000000008200000000000000000000000000000000000000000000000000000000000000000000000000000000000000000000000000000000                          0000000000                                                                  000045
1021903727600017200000260206200016896                         00000000400820513726000000000000000000000000060217012226/400820500000000400820513726200122000000000800023700140  000000000008200000000000000000000000000000000000000000000000000000000000000000000000000000000000000000000000000000000                          0000000000                                                                  000046
1021903727600017200000260206200016896                         00000000400839795676000000000000000000000000060217012226/400839700000000400839795676200122000000000800023704159  000000000008200000000000000000000000000000000000000000000000000000000000000000000000000000000000000000000000000000000                          0000000000                                                                  000047
1021903727600017200000260206200016896                         00000000400881212834000000000000000000000000060217012226/400881200000000400881212834200122000000002800023704426  000000000008200000000000000000000000000000000000000000000000000000000000000000000000000000000000000000000000000000000                          0000000000                                                                  000048
1021903727600017200000260206200016896                         00000000400892788444000000000000000000000000060217012226/400892700000000400892788444200122000000000800023704159  000000000008200000000000000000000000000000000000000000000000000000000000000000000000000000000000000000000000000000000                          0000000000                                                                  000049
1021903727600017200000260206200016896                         00000000400903368477000000000000000000000000060217012226/400903300000000400903368477200122000000000800023704159  000000000008200000000000000000000000000000000000000000000000000000000000000000000000000000000000000000000000000000000                          0000000000                                                                  000050
1021903727600017200000260206200016896                         00000000400942703895000000000000000000000000060217012226/400942700000000400942703895180122000000150000023704428  000000000008200000000000000000000000000000000000000000000000000000000000000000000000000000000000000000000000000000000                          7600000000                                                                  000051
1021903727600017200000260206200016896                         00000000600347062397000000000000000000000000060217012226/600347000000000600347062397190122000000000510023700435  000000000008200000000000000000000000000000000000000000000000000000000000000000000000000000000000000000000000000000000                          0000000000                                                                  000052
1021903727600017200000260206200016896                         00000000100032507622000000000000000000000000060617012226/100032500000000100032507622180122000000015707410402982  000000000000000000000000000000000000000000000000000000000000000000000000000000000000015707400000000000000000000000000   180122             00000000000000                                                                  000053
1021903727600017200000260206200016896                         00000000100032557611000000000000000000000000060617012226/100032500000000100032557611180122000000001334063300001  000000000000000000000000000000000000000000000000000000000000000000000000000000000000001334000000000000000000000000000   180122             00000000000000                                                                  000054
1021903727600017200000260206200016896                         00000000200412094023000000000000000000000000060617012226/200412000000000200412094023200122000000000857326000001  000000000000000000000000000000000000000000000000000000000000000000000000000000000000000857300000000000000000000000000   180122             00000000000000                                                                  000055
1021903727600017200000260206200016896                         00000000200460164319000000000000000000000000060617012226/200460100000000200460164319190122000000000269903302271  000000000000000000000000000000000000000000000000000000000000000000000000000000000000000269900000000000000000000000000   180122             00000000000000                                                                  000056
1021903727600017200000260206200016896                         00000000200658189112000000000000000000000000060617012226/200658100000000200658189112200122000000000719000103302  000000000000000000000000000000000000000000000000000000000000000000000000000000000000000719000000000000000000000000000   180122             00000000000000                                                                  000057
1021903727600017200000260206200016896                         00000000200839259651000000000000000000000000060617012226/200839200000000200839259651200122000000000719026000001  000000000000000000000000000000000000000000000000000000000000000000000000000000000000000719000000000000000000000000000   180122             00000000000000                                                                  000058
1021903727600017200000260206200016896                         00000000200867673889000000000000000000000000060617012226/200867600000000200867673889180122000000000750034103767  000000000000000000000000000000000000000000000000000000000000000000000000000000000000000750000000000000000000000000000   180122             00000000000000                                                                  000059
1021903727600017200000260206200016896                         00000000200890094322000000000000000000000000060617012226/200890000000000200890094322200122000000001659910401149  000000000000000000000000000000000000000000000000000000000000000000000000000000000000001659900000000000000000000000000   180122             00000000000000                                                                  000060
1021903727600017200000260206200016896                         00000000400185382105000000000000000000000000060617012226/400185300000000400185382105200122000000003800010400721  000000000000000000000000000000000000000000000000000000000000000000000000000000000000003800000000000000000000000000000   180122             00000000000000                                                                  000061
1021903727600017200000260206200016896                         00000000400237215377000000000000000000000000060617012226/400237200000000400237215377200122000000005000000100922  000000000000000000000000000000000000000000000000000000000000000000000000000000000000005000000000000000000000000000000   180122             00000000000000                                                                  000062
1021903727600017200000260206200016896                         00000000400276389684000000000000000000000000060617012226/400276300000000400276389684200122000000099000021200001  000000000000000000000000000000000000000000000000000000000000000000000000000000000000099000000000000000000000000000000   180122             00000000000000                                                                  000063
1021903727600017200000260206200016896                         00000000400379561337000000000000000000000000060617012226/400379500000000400379561337160122000000008200010400721  000000000000000000000000000000000000000000000000000000000000000000000000000000000000008200000000000000000000000000000   180122             00000000000000                                                                  000064
1021903727600017200000260206200016896                         00000000400522421673000000000000000000000000060617012226/400522400000000400522421673200122000000030000023700190  000000000000000000000000000000000000000000000000000000000000000000000000000000000000030000000000000000000000000000000   180122             00000000000000                                                                  000065
1021903727600017200000260206200016896                         00000000400577634269000000000000000000000000060617012226/400577600000000400577634269200122000000001030007000264  000000000000000000000000000000000000000000000000000000000000000000000000000000000000001030000000000000000000000000000   180122             00000000000000                                                                  000066
1021903727600017200000260206200016896                         00000000400593999579000000000000000000000000060617012226/400593900000000400593999579200122000000001740023705889  000000000000000000000000000000000000000000000000000000000000000000000000000000000000001740000000000000000000000000000   180122             00000000000000                                                                  000067
1021903727600017200000260206200016896                         00000000400656810277000000000000000000000000060617012226/400656800000000400656810277180122000000002500010402996  000000000000000000000000000000000000000000000000000000000000000000000000000000000000002500000000000000000000000000000   180122             00000000000000                                                                  000068
1021903727600017200000260206200016896                         00000000400717265943000000000000000000000000060617012226/400717200000000400717265943200122000000004000075604327  000000000000000000000000000000000000000000000000000000000000000000000000000000000000004000000000000000000000000000000   180122             00000000000000                                                                  000069
1021903727600017200000260206200016896                         00000000400751846645000000000000000000000000060617012226/400751800000000400751846645200122000000009500023703929  000000000000000000000000000000000000000000000000000000000000000000000000000000000000009500000000000000000000000000000   180122             00000000000000                                                                  000070
1021903727600017200000260206200016896                         00000000400820513726000000000000000000000000060617012226/400820500000000400820513726200122000000000800010403189  000000000000000000000000000000000000000000000000000000000000000000000000000000000000000800000000000000000000000000000   180122             00000000000000                                                                  000071
1021903727600017200000260206200016896                         00000000400881212834000000000000000000000000060617012226/400881200000000400881212834200122000000002800004100377  000000000000000000000000000000000000000000000000000000000000000000000000000000000000002800000000000000000000000000000   180122             00000000000000                                                                  000072
1021903727600017200000260206200016896                         0000000020037231002P000000000000000000000000061017012226/20037230000000020037231002P161121000000000347423700000  000000000000000000000000000000000000000000000000000000000000000000000000000000000000000000000000000000000000000000000                          1600000000                                                                  000073
1021903727600017200000260206200016896                         00000000200386336447000000000000000000000000061017012226/200386300000000200386336447161121000000000500023700000  000000000000000000000000000000000000000000000000000000000000000000000000000000000000000000000000000000000000000000000                          1600000000                                                                  000074
1021903727600017200000260206200016896                         00000000200651341121000000000000000000000000061017012226/200651300000000200651341121161121000000000700023700000  000000000000000000000000000000000000000000000000000000000000000000000000000000000000000000000000000000000000000000000                          1600000000                                                                  000075
1021903727600017200000260206200016896                         00000000200710458585000000000000000000000000061017012226/200710400000000200710458585161121000000000219923700000  000000000000000000000000000000000000000000000000000000000000000000000000000000000000000000000000000000000000000000000                          1600000000                                                                  000076
1021903727600017200000260206200016896                         00000000200722704328000000000000000000000000061017012226/200722700000000200722704328151121000000000247223700000  000000000000000000000000000000000000000000000000000000000000000000000000000000000000000000000000000000000000000000000                          1600000000                                                                  000077
1021903727600017200000260206200016896                         00000000200751395881000000000000000000000000061017012226/200751300000000200751395881161121000000000347423700000  000000000000000000000000000000000000000000000000000000000000000000000000000000000000000000000000000000000000000000000                          1600000000                                                                  000078
1021903727600017200000260206200016896                         00000000200931079422000000000000000000000000061017012226/200931000000000200931079422151121000000001785223700000  000000000000000000000000000000000000000000000000000000000000000000000000000000000000000000000000000000000000000000000                          1600000000                                                                  000079
1021903727600017200000260206200016896                         00000000400086020889000000000000000000000000061017012226/400086000000000400086020889151121000000000800023700000  000000000000000000000000000000000000000000000000000000000000000000000000000000000000000000000000000000000000000000000                          1600000000                                                                  000080
1021903727600017200000260206200016896                         00000000400126701930000000000000000000000000061017012226/400126700000000400126701930161121000000005080023700000  000000000000000000000000000000000000000000000000000000000000000000000000000000000000000000000000000000000000000000000                          1600000000                                                                  000081
1021903727600017200000260206200016896                         00000000400190053101000000000000000000000000061017012226/400190000000000400190053101151121000000000800023700000  000000000000000000000000000000000000000000000000000000000000000000000000000000000000000000000000000000000000000000000                          1600000000                                                                  000082
1021903727600017200000260206200016896                         00000000400231573379000000000000000000000000061017012226/400231500000000400231573379151121000000000800023700000  000000000000000000000000000000000000000000000000000000000000000000000000000000000000000000000000000000000000000000000                          1600000000                                                                  000083
1021903727600017200000260206200016896                         00000000400283079577000000000000000000000000061017012226/400283000000000400283079577151121000000000800023700000  000000000000000000000000000000000000000000000000000000000000000000000000000000000000000000000000000000000000000000000                          1600000000                                                                  000084
1021903727600017200000260206200016896                         0000000040028776634P000000000000000000000000061017012226/40028770000000040028776634P161121000000003000023700000  000000000000000000000000000000000000000000000000000000000000000000000000000000000000000000000000000000000000000000000                          1600000000                                                                  000085
1021903727600017200000260206200016896                         0000000040033862409P000000000000000000000000061017012226/40033860000000040033862409P151121000000000800023700000  000000000000000000000000000000000000000000000000000000000000000000000000000000000000000000000000000000000000000000000                          1600000000                                                                  000086
1021903727600017200000260206200016896                         00000000400342103002000000000000000000000000061017012226/400342100000000400342103002151121000000000800023700000  000000000000000000000000000000000000000000000000000000000000000000000000000000000000000000000000000000000000000000000                          1600000000                                                                  000087
1021903727600017200000260206200016896                         00000000400362105303000000000000000000000000061017012226/400362100000000400362105303151121000000001500023700000  000000000000000000000000000000000000000000000000000000000000000000000000000000000000000000000000000000000000000000000                          1600000000                                                                  000088
1021903727600017200000260206200016896                         0000000040048765239P000000000000000000000000061017012226/40048760000000040048765239P151121000000002000023700000  000000000000000000000000000000000000000000000000000000000000000000000000000000000000000000000000000000000000000000000                          1600000000                                                                  000089
1021903727600017200000260206200016896                         00000000400512860210000000000000000000000000061017012226/400512800000000400512860210151121000000000800023700000  000000000000000000000000000000000000000000000000000000000000000000000000000000000000000000000000000000000000000000000                          1600000000                                                                  000090
1021903727600017200000260206200016896                         00000000400512915589000000000000000000000000061017012226/400512900000000400512915589151121000000000800023700000  000000000000000000000000000000000000000000000000000000000000000000000000000000000000000000000000000000000000000000000                          1600000000                                                                  000091
1021903727600017200000260206200016896                         00000000400550687212000000000000000000000000061017012226/400550600000000400550687212151121000000000800023700000  000000000000000000000000000000000000000000000000000000000000000000000000000000000000000000000000000000000000000000000                          1600000000                                                                  000092
1021903727600017200000260206200016896                         00000000400570031291000000000000000000000000061017012226/400570000000000400570031291151121000000000800023700000  000000000000000000000000000000000000000000000000000000000000000000000000000000000000000000000000000000000000000000000                          1600000000                                                                  000093
1021903727600017200000260206200016896                         00000000400571143301000000000000000000000000061017012226/400571100000000400571143301161121000000001600023700000  000000000000000000000000000000000000000000000000000000000000000000000000000000000000000000000000000000000000000000000                          1600000000                                                                  000094
1021903727600017200000260206200016896                         00000000400612735677000000000000000000000000061017012226/400612700000000400612735677151121000000000800023700000  000000000000000000000000000000000000000000000000000000000000000000000000000000000000000000000000000000000000000000000                          1600000000                                                                  000095
1021903727600017200000260206200016896                         00000000400631499615000000000000000000000000061017012226/400631400000000400631499615151121000000012000023700000  000000000000000000000000000000000000000000000000000000000000000000000000000000000000000000000000000000000000000000000                          1600000000                                                                  000096
1021903727600017200000260206200016896                         00000000400674114253000000000000000000000000061017012226/400674100000000400674114253161121000000001000023700000  000000000000000000000000000000000000000000000000000000000000000000000000000000000000000000000000000000000000000000000                          1600000000                                                                  000097
1021903727600017200000260206200016896                         00000000400690914227000000000000000000000000061017012226/400690900000000400690914227151121000000000800023700000  000000000000000000000000000000000000000000000000000000000000000000000000000000000000000000000000000000000000000000000                          1600000000                                                                  000098
1021903727600017200000260206200016896                         0000000040076643503P000000000000000000000000061017012226/40076640000000040076643503P151121000000000800023700000  000000000000000000000000000000000000000000000000000000000000000000000000000000000000000000000000000000000000000000000                          1600000000                                                                  000099
1021903727600017200000260206200016896                         00000000400783665219000000000000000000000000061017012226/400783600000000400783665219151121000000000800023700000  000000000000000000000000000000000000000000000000000000000000000000000000000000000000000000000000000000000000000000000                          1600000000                                                                  000100
1021903727600017200000260206200016896                         00000000400798009962000000000000000000000000061017012226/400798000000000400798009962151121000000000800023700000  000000000000000000000000000000000000000000000000000000000000000000000000000000000000000000000000000000000000000000000                          1600000000                                                                  000101
1021903727600017200000260206200016896                         00000000400817019931000000000000000000000000061017012226/400817000000000400817019931151121000000000800023700000  000000000000000000000000000000000000000000000000000000000000000000000000000000000000000000000000000000000000000000000                          1600000000                                                                  000102
1021903727600017200000260206200016896                         00000000400881269771000000000000000000000000061017012226/400881200000000400881269771151121000000002220023700000  000000000000000000000000000000000000000000000000000000000000000000000000000000000000000000000000000000000000000000000                          1600000000                                                                  000103
1021903727600017200000260206200016896                         00000000400891126650000000000000000000000000061017012226/400891100000000400891126650151121000000000800023700000  000000000000000000000000000000000000000000000000000000000000000000000000000000000000000000000000000000000000000000000                          1600000000                                                                  000104
1021903727600017200000260206200016896                         00000000400899626539000000000000000000000000061017012226/400899600000000400899626539151121000000002000023700000  000000000000000000000000000000000000000000000000000000000000000000000000000000000000000000000000000000000000000000000                          1600000000                                                                  000105
1021903727600017200000260206200016896                         00000000400901964641000000000000000000000000061017012226/400901900000000400901964641151121000000000800023700000  000000000000000000000000000000000000000000000000000000000000000000000000000000000000000000000000000000000000000000000                          1600000000                                                                  000106
1021903727600017200000260206200016896                         00000000400945372334000000000000000000000000061017012226/400945300000000400945372334151121000000001780023700000  000000000000000000000000000000000000000000000000000000000000000000000000000000000000000000000000000000000000000000000                          1600000000                                                                  000107
1021903727600017200000260206200016896                         00000000400951076240000000000000000000000000061017012226/400951000000000400951076240151121000000001780023700000  000000000000000000000000000000000000000000000000000000000000000000000000000000000000000000000000000000000000000000000                          1600000000                                                                  000108
1021903727600017200000260206200016896                         00000000400984510027000000000000000000000000061017012226/400984500000000400984510027151121000000002000023700000  000000000000000000000000000000000000000000000000000000000000000000000000000000000000000000000000000000000000000000000                          1600000000                                                                  000109
1021903727600017200000260206200016896                         00000000600688142038000000000000000000000000061017012226/600688100000000600688142038151121000000000069923700000  000000000000000000000000000000000000000000000000000000000000000000000000000000000000000000000000000000000000000000000                          1600000000                                                                  000110
9201237          000003310000001424963600000851          00051000003846916000001903865000200000019038650003800000054577000000000000000000000000000000000000000000000000000000000000000000000                                                                                                                                                                              00000000000000000000000         000111
