02RETORNO01COBRANCA       00000000000005034448E-PREPAG ADMINISTRADORA DE CAR237BRADESCO       1712210160000000831                                                                                                                                                                                                                                                                          201221         000001
1021903727600017200000260206200016896                         00000000200812172317000000000000000000000000060217122126/200812100000000200812172317201221000000000238823704154  000000000008200000000000000000000000000000000000000000000000000000000000000000000000000000000000000000000000000000000                          0000000000                                                                  000002
1021903727600017200000260206200016896                         00000000400183335215000000000000000000000000060217122126/400183300000000400183335215201221000000001500023704143  000000000008200000000000000000000000000000000000000000000000000000000000000000000000000000000000000000000000000000000                          0000000000                                                                  000003
1021903727600017200000260206200016896                         00000000400198508558000000000000000000000000060217122126/400198500000000400198508558201221000000000800023704151  000000000008200000000000000000000000000000000000000000000000000000000000000000000000000000000000000000000000000000000                          0000000000                                                                  000004
1021903727600017200000260206200016896                         00000000400223597021000000000000000000000000060217122126/400223500000000400223597021201221000000012000023700321  000000000008200000000000000000000000000000000000000000000000000000000000000000000000000000000000000000000000000000000                          0000000000                                                                  000005
1021903727600017200000260206200016896                         00000000400259967895000000000000000000000000060217122126/400259900000000400259967895201221000000001500023704154  000000000008200000000000000000000000000000000000000000000000000000000000000000000000000000000000000000000000000000000                          0000000000                                                                  000006
1021903727600017200000260206200016896                         00000000400274033386000000000000000000000000060217122126/400274000000000400274033386201221000000005000023704144  000000000008200000000000000000000000000000000000000000000000000000000000000000000000000000000000000000000000000000000                          0000000000                                                                  000007
1021903727600017200000260206200016896                         00000000400341365496000000000000000000000000060217122126/400341300000000400341365496201221000000001410023704400  000000000008200000000000000000000000000000000000000000000000000000000000000000000000000000000000000000000000000000000                          0000000000                                                                  000008
1021903727600017200000260206200016896                         00000000400467471321000000000000000000000000060217122126/400467400000000400467471321201221000000003000023704159  000000000008200000000000000000000000000000000000000000000000000000000000000000000000000000000000000000000000000000000                          0000000000                                                                  000009
1021903727600017200000260206200016896                         00000000400467640298000000000000000000000000060217122126/400467600000000400467640298201221000000012000023704143  000000000008200000000000000000000000000000000000000000000000000000000000000000000000000000000000000000000000000000000                          7600000000                                                                  000010
1021903727600017200000260206200016896                         00000000400468296221000000000000000000000000060217122126/400468200000000400468296221201221000000050000023704151  000000000008200000000000000000000000000000000000000000000000000000000000000000000000000000000000000000000000000000000                          0000000000                                                                  000011
1021903727600017200000260206200016896                         00000000400529515320000000000000000000000000060217122126/400529500000000400529515320201221000000000810023704602  000000000008200000000000000000000000000000000000000000000000000000000000000000000000000000000000000000000000000000000                          7600000000                                                                  000012
1021903727600017200000260206200016896                         00000000400623058685000000000000000000000000060217122126/400623000000000400623058685201221000000010000023704143  000000000008200000000000000000000000000000000000000000000000000000000000000000000000000000000000000000000000000000000                          0000000000                                                                  000013
1021903727600017200000260206200016896                         00000000400646186850000000000000000000000000060217122126/400646100000000400646186850201221000000000800023704602  000000000008200000000000000000000000000000000000000000000000000000000000000000000000000000000000000000000000000000000                          7600000000                                                                  000014
1021903727600017200000260206200016896                         00000000400751430945000000000000000000000000060217122126/400751400000000400751430945201221000000003000023704152  000000000008200000000000000000000000000000000000000000000000000000000000000000000000000000000000000000000000000000000                          0000000000                                                                  000015
1021903727600017200000260206200016896                         00000000400783090895000000000000000000000000060217122126/400783000000000400783090895201221000000000800023704151  000000000008200000000000000000000000000000000000000000000000000000000000000000000000000000000000000000000000000000000                          0000000000                                                                  000016
1021903727600017200000260206200016896                         00000000400949600064000000000000000000000000060217122126/400949600000000400949600064201221000000012000023704400  000000000008200000000000000000000000000000000000000000000000000000000000000000000000000000000000000000000000000000000                          0000000000                                                                  000017
1021903727600017200000260206200016896                         00000000400971390243000000000000000000000000060217122126/400971300000000400971390243201221000000080000023704151  000000000008200000000000000000000000000000000000000000000000000000000000000000000000000000000000000000000000000000000                          7600000000                                                                  000018
1021903727600017200000260206200016896                         00000000200085055795000000000000000000000000060617122126/200085000000000200085055795181221000000000361410401559  000000000000000000000000000000000000000000000000000000000000000000000000000000000000000361400000000000000000000000000   201221             00000000000000                                                                  000019
1021903727600017200000260206200016896                         00000000400183335215000000000000000000000000060617122126/400183300000000400183335215201221000000001500008501071  000000000000000000000000000000000000000000000000000000000000000000000000000000000000001500000000000000000000000000000   201221             00000000000000                                                                  000020
1021903727600017200000260206200016896                         00000000400198508558000000000000000000000000060617122126/400198500000000400198508558201221000000000800063300001  000000000000000000000000000000000000000000000000000000000000000000000000000000000000000800000000000000000000000000000   201221             00000000000000                                                                  000021
1021903727600017200000260206200016896                         00000000400223597021000000000000000000000000060617122126/400223500000000400223597021201221000000012000007700001  000000000000000000000000000000000000000000000000000000000000000000000000000000000000012000000000000000000000000000000   201221             00000000000000                                                                  000022
1021903727600017200000260206200016896                         00000000400274033386000000000000000000000000060617122126/400274000000000400274033386201221000000005000075601098  000000000000000000000000000000000000000000000000000000000000000000000000000000000000005000000000000000000000000000000   201221             00000000000000                                                                  000023
1021903727600017200000260206200016896                         00000000400341365496000000000000000000000000060617122126/400341300000000400341365496201221000000001410010401339  000000000000000000000000000000000000000000000000000000000000000000000000000000000000001410000000000000000000000000000   201221             00000000000000                                                                  000024
1021903727600017200000260206200016896                         00000000400467471321000000000000000000000000060617122126/400467400000000400467471321201221000000003000000100922  000000000000000000000000000000000000000000000000000000000000000000000000000000000000003000000000000000000000000000000   201221             00000000000000                                                                  000025
1021903727600017200000260206200016896                         00000000400467640298000000000000000000000000060617122126/400467600000000400467640298201221000000012000010403850  000000000000000000000000000000000000000000000000000000000000000000000000000000000000012000000000000000000000000000000   201221             00000000000000                                                                  000026
1021903727600017200000260206200016896                         00000000400468296221000000000000000000000000060617122126/400468200000000400468296221201221000000050000023700190  000000000000000000000000000000000000000000000000000000000000000000000000000000000000050000000000000000000000000000000   201221             00000000000000                                                                  000027
1021903727600017200000260206200016896                         00000000400623058685000000000000000000000000060617122126/400623000000000400623058685201221000000010000010403130  000000000000000000000000000000000000000000000000000000000000000000000000000000000000010000000000000000000000000000000   201221             00000000000000                                                                  000028
1021903727600017200000260206200016896                         00000000400751430945000000000000000000000000060617122126/400751400000000400751430945201221000000003000023700536  000000000000000000000000000000000000000000000000000000000000000000000000000000000000003000000000000000000000000000000   201221             00000000000000                                                                  000029
1021903727600017200000260206200016896                         00000000400783090895000000000000000000000000060617122126/400783000000000400783090895201221000000000800010401187  000000000000000000000000000000000000000000000000000000000000000000000000000000000000000800000000000000000000000000000   201221             00000000000000                                                                  000030
1021903727600017200000260206200016896                         00000000400971390243000000000000000000000000060617122126/400971300000000400971390243201221000000080000033600001  000000000000000000000000000000000000000000000000000000000000000000000000000000000000080000000000000000000000000000000   201221             00000000000000                                                                  000031
1021903727600017200000260206200016896                         00000000400981695328000000000000000000000000060617122126/400981600000000400981695328171221000000008000000103668  000000000000000000000000000000000000000000000000000000000000000000000000000000000000008000000000000000000000000000000   201221             00000000000000                                                                  000032
1021903727600017200000260206200016896                         00000000200744291779000000000000000000000000061017122126/200744200000000200744291779171021000000000269923700000  000000000000000000000000000000000000000000000000000000000000000000000000000000000000000000000000000000000000000000000                          1600000000                                                                  000033
1021903727600017200000260206200016896                         00000000200751121390000000000000000000000000061017122126/200751100000000200751121390171021000000001000023700000  000000000000000000000000000000000000000000000000000000000000000000000000000000000000000000000000000000000000000000000                          1600000000                                                                  000034
1021903727600017200000260206200016896                         00000000400151047528000000000000000000000000061017122126/400151000000000400151047528171021000000000950023700000  000000000000000000000000000000000000000000000000000000000000000000000000000000000000000000000000000000000000000000000                          1600000000                                                                  000035
9201237          000003770000000764147000000831          00017000001948588000001878714000140000018787140000300000002219900000000000000000000000000000000000000000000000000000000000000000000                                                                                                                                                                              00000000000000000000000         000036
