02RETORNO01COBRANCA       00000000000005034448E-PREPAG ADMINISTRADORA DE CAR237BRADESCO       1708210160000000747                                                                                                                                                                                                                                                                          180821         000001
1021903727600017200000260206200016896                         00000000100031061221000000000000000000000000060217082126/100031000000000100031061221170821000000022025823704159  000000000008200000000000000000000000000000000000000000000000000000000000000000000000000000000000000000000000000000000                          0000000000                                                                  000002
1021903727600017200000260206200016896                         00000000100031066843000000000000000000000000060217082126/100031000000000100031066843170821000000000679523704436  000000000008200000000000000000000000000000000000000000000000000000000000000000000000000000000000000000000000000000000                          0000000000                                                                  000003
1021903727600017200000260206200016896                         0000000010003111869P000000000000000000000000060217082126/10003110000000010003111869P170821000000002910523704400  000000000008200000000000000000000000000000000000000000000000000000000000000000000000000000000000000000000000000000000                          0000000000                                                                  000004
1021903727600017200000260206200016896                         00000000100031061221000000000000000000000000060617082126/100031000000000100031061221170821000000022025800105742  000000000000000000000000000000000000000000000000000000000000000000000000000000000000022025800000000000000000000000000   180821             00000000000000                                                                  000005
1021903727600017200000260206200016896                         00000000100031066843000000000000000000000000060617082126/100031000000000100031066843170821000000000679563300001  000000000000000000000000000000000000000000000000000000000000000000000000000000000000000679500000000000000000000000000   180821             00000000000000                                                                  000006
1021903727600017200000260206200016896                         0000000010003111869P000000000000000000000000060617082126/10003110000000010003111869P170821000000002910526000001  000000000000000000000000000000000000000000000000000000000000000000000000000000000000002910500000000000000000000000000   180821             00000000000000                                                                  000007
1021903727600017200000260206200016896                         00000000400024815109000000000000000000000000060617082126/400024800000000400024815109190821000000000800065500001  000000000000000000000000000000000000000000000000000000000000000000000000000000000000000800000000000000000000000000000   180821             00000000000000                                                                  000008
1021903727600017200000260206200016896                         00000000400178637017000000000000000000000000060617082126/400178600000000400178637017190821000000000800065500001  000000000000000000000000000000000000000000000000000000000000000000000000000000000000000800000000000000000000000000000   180821             00000000000000                                                                  000009
1021903727600017200000260206200016896                         00000000400223593360000000000000000000000000060617082126/400223500000000400223593360190821000000000800065500001  000000000000000000000000000000000000000000000000000000000000000000000000000000000000000800000000000000000000000000000   180821             00000000000000                                                                  000010
1021903727600017200000260206200016896                         00000000400289035504000000000000000000000000060617082126/400289000000000400289035504190821000000000800065500001  000000000000000000000000000000000000000000000000000000000000000000000000000000000000000800000000000000000000000000000   180821             00000000000000                                                                  000011
1021903727600017200000260206200016896                         00000000400301868363000000000000000000000000060617082126/400301800000000400301868363190821000000000800065500001  000000000000000000000000000000000000000000000000000000000000000000000000000000000000000800000000000000000000000000000   180821             00000000000000                                                                  000012
1021903727600017200000260206200016896                         00000000400452492144000000000000000000000000060617082126/400452400000000400452492144190821000000000800065500001  000000000000000000000000000000000000000000000000000000000000000000000000000000000000000800000000000000000000000000000   180821             00000000000000                                                                  000013
1021903727600017200000260206200016896                         00000000400487122692000000000000000000000000060617082126/400487100000000400487122692190821000000000800065500001  000000000000000000000000000000000000000000000000000000000000000000000000000000000000000800000000000000000000000000000   180821             00000000000000                                                                  000014
1021903727600017200000260206200016896                         0000000040056663061P000000000000000000000000060617082126/40056660000000040056663061P190821000000010000007700001  000000000000000000000000000000000000000000000000000000000000000000000000000000000000010000000000000000000000000000000   180821             00000000000000                                                                  000015
1021903727600017200000260206200016896                         00000000400573663817000000000000000000000000060617082126/400573600000000400573663817190821000000010000010400389  000000000000000000000000000000000000000000000000000000000000000000000000000000000000010000000000000000000000000000000   180821             00000000000000                                                                  000016
1021903727600017200000260206200016896                         00000000400662507772000000000000000000000000060617082126/400662500000000400662507772190821000000000800065500001  000000000000000000000000000000000000000000000000000000000000000000000000000000000000000800000000000000000000000000000   180821             00000000000000                                                                  000017
1021903727600017200000260206200016896                         00000000400737589869000000000000000000000000060617082126/400737500000000400737589869190821000000000800065500001  000000000000000000000000000000000000000000000000000000000000000000000000000000000000000800000000000000000000000000000   180821             00000000000000                                                                  000018
1021903727600017200000260206200016896                         00000000400871035128000000000000000000000000060617082126/400871000000000400871035128190821000000000800065500001  000000000000000000000000000000000000000000000000000000000000000000000000000000000000000800000000000000000000000000000   180821             00000000000000                                                                  000019
1021903727600017200000260206200016896                         00000000400913778967000000000000000000000000060617082126/400913700000000400913778967190821000000000800065500001  000000000000000000000000000000000000000000000000000000000000000000000000000000000000000800000000000000000000000000000   180821             00000000000000                                                                  000020
1021903727600017200000260206200016896                         00000000200903907727000000000000000000000000061017082126/200903900000000200903907727170621000000000269923700000  000000000000000000000000000000000000000000000000000000000000000000000000000000000000000000000000000000000000000000000                          1600000000                                                                  000021
1021903727600017200000260206200016896                         00000000400069249457000000000000000000000000061017082126/400069200000000400069249457170621000000006000023700000  000000000000000000000000000000000000000000000000000000000000000000000000000000000000000000000000000000000000000000000                          1600000000                                                                  000022
1021903727600017200000260206200016896                         00000000400147241867000000000000000000000000061017082126/400147200000000400147241867170621000000002590023700000  000000000000000000000000000000000000000000000000000000000000000000000000000000000000000000000000000000000000000000000                          1600000000                                                                  000023
1021903727600017200000260206200016896                         00000000400196180482000000000000000000000000061017082126/400196100000000400196180482170621000000001000023700000  000000000000000000000000000000000000000000000000000000000000000000000000000000000000000000000000000000000000000000000                          1600000000                                                                  000024
1021903727600017200000260206200016896                         00000000400264326946000000000000000000000000061017082126/400264300000000400264326946170621000000000800023700000  000000000000000000000000000000000000000000000000000000000000000000000000000000000000000000000000000000000000000000000                          1600000000                                                                  000025
1021903727600017200000260206200016896                         00000000400282804634000000000000000000000000061017082126/400282800000000400282804634170621000000000820023700000  000000000000000000000000000000000000000000000000000000000000000000000000000000000000000000000000000000000000000000000                          1600000000                                                                  000026
1021903727600017200000260206200016896                         00000000400394634715000000000000000000000000061017082126/400394600000000400394634715170621000000000800023700000  000000000000000000000000000000000000000000000000000000000000000000000000000000000000000000000000000000000000000000000                          1600000000                                                                  000027
1021903727600017200000260206200016896                         00000000400421244886000000000000000000000000061017082126/400421200000000400421244886170621000000010000023700000  000000000000000000000000000000000000000000000000000000000000000000000000000000000000000000000000000000000000000000000                          1600000000                                                                  000028
1021903727600017200000260206200016896                         00000000400422191328000000000000000000000000061017082126/400422100000000400422191328170621000000001000023700000  000000000000000000000000000000000000000000000000000000000000000000000000000000000000000000000000000000000000000000000                          1600000000                                                                  000029
1021903727600017200000260206200016896                         00000000400480591506000000000000000000000000061017082126/400480500000000400480591506170621000000003500023700000  000000000000000000000000000000000000000000000000000000000000000000000000000000000000000000000000000000000000000000000                          1600000000                                                                  000030
1021903727600017200000260206200016896                         0000000040052430707P000000000000000000000000061017082126/40052430000000040052430707P170621000000000860023700000  000000000000000000000000000000000000000000000000000000000000000000000000000000000000000000000000000000000000000000000                          1600000000                                                                  000031
1021903727600017200000260206200016896                         00000000400565680923000000000000000000000000061017082126/400565600000000400565680923170621000000003000023700000  000000000000000000000000000000000000000000000000000000000000000000000000000000000000000000000000000000000000000000000                          1600000000                                                                  000032
1021903727600017200000260206200016896                         00000000400739094956000000000000000000000000061017082126/400739000000000400739094956170621000000013000023700000  000000000000000000000000000000000000000000000000000000000000000000000000000000000000000000000000000000000000000000000                          1600000000                                                                  000033
1021903727600017200000260206200016896                         0000000040080125888P000000000000000000000000061017082126/40080120000000040080125888P170621000000000800023700000  000000000000000000000000000000000000000000000000000000000000000000000000000000000000000000000000000000000000000000000                          1600000000                                                                  000034
1021903727600017200000260206200016896                         00000000400804901104000000000000000000000000061017082126/400804900000000400804901104170621000000001320023700000  000000000000000000000000000000000000000000000000000000000000000000000000000000000000000000000000000000000000000000000                          1600000000                                                                  000035
1021903727600017200000260206200016896                         00000000400827420189000000000000000000000000061017082126/400827400000000400827420189170621000000001200023700000  000000000000000000000000000000000000000000000000000000000000000000000000000000000000000000000000000000000000000000000                          1600000000                                                                  000036
1021903727600017200000260206200016896                         00000000400946545119000000000000000000000000061017082126/400946500000000400946545119170621000000005000023700000  000000000000000000000000000000000000000000000000000000000000000000000000000000000000000000000000000000000000000000000                          1600000000                                                                  000037
9201237          000004990000001061236700000747          00003000000256158000000544158000160000005441580001700000051959900000000000000000000000000000000000000000000000000000000000000000000                                                                                                                                                                              00000000000000000000000         000038
