02RETORNO01COBRANCA       00000000000005034448E-PREPAG ADMINISTRADORA DE CAR237BRADESCO       1711210160000000809                                                                                                                                                                                                                                                                          181121         000001
1021903727600017200000260206200016896                         00000000200312632338000000000000000000000000060217112126/200312600000000200312632338201121000000000879523704452  000000000008200000000000000000000000000000000000000000000000000000000000000000000000000000000000000000000000000000000                          0000000000                                                                  000002
1021903727600017200000260206200016896                         00000000200378802676000000000000000000000000060217112126/200378800000000200378802676201121000000001098823704143  000000000008200000000000000000000000000000000000000000000000000000000000000000000000000000000000000000000000000000000                          0000000000                                                                  000003
1021903727600017200000260206200016896                         00000000200614087673000000000000000000000000060217112126/200614000000000200614087673201121000000000404623704452  000000000008200000000000000000000000000000000000000000000000000000000000000000000000000000000000000000000000000000000                          0000000000                                                                  000004
1021903727600017200000260206200016896                         00000000400022701386000000000000000000000000060217112126/400022700000000400022701386201121000000000800023704159  000000000008200000000000000000000000000000000000000000000000000000000000000000000000000000000000000000000000000000000                          0000000000                                                                  000005
1021903727600017200000260206200016896                         00000000400068958217000000000000000000000000060217112126/400068900000000400068958217201121000000000800023704159  000000000008200000000000000000000000000000000000000000000000000000000000000000000000000000000000000000000000000000000                          0000000000                                                                  000006
1021903727600017200000260206200016896                         0000000040010155058P000000000000000000000000060217112126/40010150000000040010155058P201121000000000800023704159  000000000008200000000000000000000000000000000000000000000000000000000000000000000000000000000000000000000000000000000                          0000000000                                                                  000007
1021903727600017200000260206200016896                         00000000400124362950000000000000000000000000060217112126/400124300000000400124362950201121000000000800023704159  000000000008200000000000000000000000000000000000000000000000000000000000000000000000000000000000000000000000000000000                          0000000000                                                                  000008
1021903727600017200000260206200016896                         00000000400148294085000000000000000000000000060217112126/400148200000000400148294085201121000000008030023704154  000000000008200000000000000000000000000000000000000000000000000000000000000000000000000000000000000000000000000000000                          0000000000                                                                  000009
1021903727600017200000260206200016896                         00000000400173982379000000000000000000000000060217112126/400173900000000400173982379201121000000002300023704426  000000000008200000000000000000000000000000000000000000000000000000000000000000000000000000000000000000000000000000000                          0000000000                                                                  000010
1021903727600017200000260206200016896                         00000000400182332506000000000000000000000000060217112126/400182300000000400182332506201121000000000800023704158  000000000008200000000000000000000000000000000000000000000000000000000000000000000000000000000000000000000000000000000                          0000000000                                                                  000011
1021903727600017200000260206200016896                         00000000400252067554000000000000000000000000060217112126/400252000000000400252067554201121000000000800023704159  000000000008200000000000000000000000000000000000000000000000000000000000000000000000000000000000000000000000000000000                          0000000000                                                                  000012
1021903727600017200000260206200016896                         00000000400263137740000000000000000000000000060217112126/400263100000000400263137740201121000000001000023700140  000000000008200000000000000000000000000000000000000000000000000000000000000000000000000000000000000000000000000000000                          0000000000                                                                  000013
1021903727600017200000260206200016896                         00000000400291167590000000000000000000000000060217112126/400291100000000400291167590201121000000003380023700140  000000000008200000000000000000000000000000000000000000000000000000000000000000000000000000000000000000000000000000000                          0000000000                                                                  000014
1021903727600017200000260206200016896                         00000000400293928459000000000000000000000000060217112126/400293900000000400293928459201121000000000800023704159  000000000008200000000000000000000000000000000000000000000000000000000000000000000000000000000000000000000000000000000                          0000000000                                                                  000015
1021903727600017200000260206200016896                         00000000400299062925000000000000000000000000060217112126/400299000000000400299062925201121000000000800023704159  000000000008200000000000000000000000000000000000000000000000000000000000000000000000000000000000000000000000000000000                          0000000000                                                                  000016
1021903727600017200000260206200016896                         00000000400306374792000000000000000000000000060217112126/400306300000000400306374792201121000000002000023704152  000000000008200000000000000000000000000000000000000000000000000000000000000000000000000000000000000000000000000000000                          0000000000                                                                  000017
1021903727600017200000260206200016896                         00000000400307780883000000000000000000000000060217112126/400307700000000400307780883201121000000009660023704154  000000000008200000000000000000000000000000000000000000000000000000000000000000000000000000000000000000000000000000000                          0000000000                                                                  000018
1021903727600017200000260206200016896                         00000000400310584262000000000000000000000000060217112126/400310500000000400310584262201121000000000800023704151  000000000008200000000000000000000000000000000000000000000000000000000000000000000000000000000000000000000000000000000                          0000000000                                                                  000019
1021903727600017200000260206200016896                         00000000400397262932000000000000000000000000060217112126/400397200000000400397262932201121000000000800023704159  000000000008200000000000000000000000000000000000000000000000000000000000000000000000000000000000000000000000000000000                          0000000000                                                                  000020
1021903727600017200000260206200016896                         00000000400397837315000000000000000000000000060217112126/400397800000000400397837315201121000000000800023704159  000000000008200000000000000000000000000000000000000000000000000000000000000000000000000000000000000000000000000000000                          0000000000                                                                  000021
1021903727600017200000260206200016896                         00000000400451467324000000000000000000000000060217112126/400451400000000400451467324201121000000003500023702062  000000000008200000000000000000000000000000000000000000000000000000000000000000000000000000000000000000000000000000000                          0000000000                                                                  000022
1021903727600017200000260206200016896                         00000000400506539516000000000000000000000000060217112126/400506500000000400506539516201121000000003000023704159  000000000008200000000000000000000000000000000000000000000000000000000000000000000000000000000000000000000000000000000                          0000000000                                                                  000023
1021903727600017200000260206200016896                         00000000400523131865000000000000000000000000060217112126/400523100000000400523131865201121000000000800023704151  000000000008200000000000000000000000000000000000000000000000000000000000000000000000000000000000000000000000000000000                          0000000000                                                                  000024
1021903727600017200000260206200016896                         00000000400531639371000000000000000000000000060217112126/400531600000000400531639371201121000000000800023704159  000000000008200000000000000000000000000000000000000000000000000000000000000000000000000000000000000000000000000000000                          0000000000                                                                  000025
1021903727600017200000260206200016896                         00000000400569072723000000000000000000000000060217112126/400569000000000400569072723201121000000000800023704159  000000000008200000000000000000000000000000000000000000000000000000000000000000000000000000000000000000000000000000000                          0000000000                                                                  000026
1021903727600017200000260206200016896                         00000000400571405691000000000000000000000000060217112126/400571400000000400571405691201121000000000800023704159  000000000008200000000000000000000000000000000000000000000000000000000000000000000000000000000000000000000000000000000                          0000000000                                                                  000027
1021903727600017200000260206200016896                         00000000400592943510000000000000000000000000060217112126/400592900000000400592943510201121000000003000023704144  000000000008200000000000000000000000000000000000000000000000000000000000000000000000000000000000000000000000000000000                          0000000000                                                                  000028
1021903727600017200000260206200016896                         00000000400662209151000000000000000000000000060217112126/400662200000000400662209151201121000000000800023704159  000000000008200000000000000000000000000000000000000000000000000000000000000000000000000000000000000000000000000000000                          0000000000                                                                  000029
1021903727600017200000260206200016896                         00000000400677440666000000000000000000000000060217112126/400677400000000400677440666201121000000010000023704151  000000000008200000000000000000000000000000000000000000000000000000000000000000000000000000000000000000000000000000000                          0000000000                                                                  000030
1021903727600017200000260206200016896                         00000000400679569410000000000000000000000000060217112126/400679500000000400679569410201121000000006180023704158  000000000008200000000000000000000000000000000000000000000000000000000000000000000000000000000000000000000000000000000                          0000000000                                                                  000031
1021903727600017200000260206200016896                         00000000400734702400000000000000000000000000060217112126/400734700000000400734702400201121000000002500023704400  000000000008200000000000000000000000000000000000000000000000000000000000000000000000000000000000000000000000000000000                          0000000000                                                                  000032
1021903727600017200000260206200016896                         00000000400738311600000000000000000000000000060217112126/400738300000000400738311600201121000000000800023704422  000000000008200000000000000000000000000000000000000000000000000000000000000000000000000000000000000000000000000000000                          0000000000                                                                  000033
1021903727600017200000260206200016896                         00000000400805946268000000000000000000000000060217112126/400805900000000400805946268201121000000002000023704159  000000000008200000000000000000000000000000000000000000000000000000000000000000000000000000000000000000000000000000000                          0000000000                                                                  000034
1021903727600017200000260206200016896                         00000000400878852121000000000000000000000000060217112126/400878800000000400878852121201121000000001200023704143  000000000008200000000000000000000000000000000000000000000000000000000000000000000000000000000000000000000000000000000                          0000000000                                                                  000035
1021903727600017200000260206200016896                         00000000400885344247000000000000000000000000060217112126/400885300000000400885344247201121000000000800023704159  000000000008200000000000000000000000000000000000000000000000000000000000000000000000000000000000000000000000000000000                          0000000000                                                                  000036
1021903727600017200000260206200016896                         00000000400894148701000000000000000000000000060217112126/400894100000000400894148701201121000000000800023704159  000000000008200000000000000000000000000000000000000000000000000000000000000000000000000000000000000000000000000000000                          0000000000                                                                  000037
1021903727600017200000260206200016896                         00000000400323528949000000000000000000000000060317112126/400323500000000400323528949191121000000004000023704143  000000000000000000000000000000000000000000000000000000000000000000000000000000000000000000000000000000000000000000000                          0900000000                                                                  000038
1021903727600017200000260206200016896                         00000000200312632338000000000000000000000000060617112126/200312600000000200312632338201121000000000879507700001  000000000000000000000000000000000000000000000000000000000000000000000000000000000000000879500000000000000000000000000   181121             00000000000000                                                                  000039
1021903727600017200000260206200016896                         00000000400144388247000000000000000000000000060617112126/400144300000000400144388247191121000000000800065500001  000000000000000000000000000000000000000000000000000000000000000000000000000000000000000800000000000000000000000000000   181121             00000000000000                                                                  000040
1021903727600017200000260206200016896                         00000000400148294085000000000000000000000000060617112126/400148200000000400148294085201121000000008030010400718  000000000000000000000000000000000000000000000000000000000000000000000000000000000000008030000000000000000000000000000   181121             00000000000000                                                                  000041
1021903727600017200000260206200016896                         00000000400173982379000000000000000000000000060617112126/400173900000000400173982379201121000000002300010403711  000000000000000000000000000000000000000000000000000000000000000000000000000000000000002300000000000000000000000000000   181121             00000000000000                                                                  000042
1021903727600017200000260206200016896                         00000000400182332506000000000000000000000000060617112126/400182300000000400182332506201121000000000800023700365  000000000000000000000000000000000000000000000000000000000000000000000000000000000000000800000000000000000000000000000   181121             00000000000000                                                                  000043
1021903727600017200000260206200016896                         00000000400223466237000000000000000000000000060617112126/400223400000000400223466237191121000000000800065500001  000000000000000000000000000000000000000000000000000000000000000000000000000000000000000800000000000000000000000000000   181121             00000000000000                                                                  000044
1021903727600017200000260206200016896                         00000000400238327578000000000000000000000000060617112126/400238300000000400238327578191121000000004000010404354  000000000000000000000000000000000000000000000000000000000000000000000000000000000000004000000000000000000000000000000   181121             00000000000000                                                                  000045
1021903727600017200000260206200016896                         00000000400263137740000000000000000000000000060617112126/400263100000000400263137740201121000000001000075604327  000000000000000000000000000000000000000000000000000000000000000000000000000000000000001000000000000000000000000000000   181121             00000000000000                                                                  000046
1021903727600017200000260206200016896                         00000000400291167590000000000000000000000000060617112126/400291100000000400291167590201121000000003380007000264  000000000000000000000000000000000000000000000000000000000000000000000000000000000000003380000000000000000000000000000   181121             00000000000000                                                                  000047
1021903727600017200000260206200016896                         00000000400306374792000000000000000000000000060617112126/400306300000000400306374792201121000000002000023700536  000000000000000000000000000000000000000000000000000000000000000000000000000000000000002000000000000000000000000000000   181121             00000000000000                                                                  000048
1021903727600017200000260206200016896                         00000000400307780883000000000000000000000000060617112126/400307700000000400307780883201121000000009660010400721  000000000000000000000000000000000000000000000000000000000000000000000000000000000000009660000000000000000000000000000   181121             00000000000000                                                                  000049
1021903727600017200000260206200016896                         00000000400310584262000000000000000000000000060617112126/400310500000000400310584262201121000000000800063300001  000000000000000000000000000000000000000000000000000000000000000000000000000000000000000800000000000000000000000000000   181121             00000000000000                                                                  000050
1021903727600017200000260206200016896                         00000000400318999925000000000000000000000000060617112126/400318900000000400318999925191121000000000820075600259  000000000000000000000000000000000000000000000000000000000000000000000000000000000000000820000000000000000000000000000   181121             00000000000000                                                                  000051
1021903727600017200000260206200016896                         00000000400338474233000000000000000000000000060617112126/400338400000000400338474233191121000000000800065500001  000000000000000000000000000000000000000000000000000000000000000000000000000000000000000800000000000000000000000000000   181121             00000000000000                                                                  000052
1021903727600017200000260206200016896                         0000000040036218971P000000000000000000000000060617112126/40036210000000040036218971P191121000000002000065500001  000000000000000000000000000000000000000000000000000000000000000000000000000000000000002000000000000000000000000000000   181121             00000000000000                                                                  000053
1021903727600017200000260206200016896                         00000000400394503955000000000000000000000000060617112126/400394500000000400394503955191121000000000830075600259  000000000000000000000000000000000000000000000000000000000000000000000000000000000000000830000000000000000000000000000   181121             00000000000000                                                                  000054
1021903727600017200000260206200016896                         00000000400433137899000000000000000000000000060617112126/400433100000000400433137899191121000000000800075600259  000000000000000000000000000000000000000000000000000000000000000000000000000000000000000800000000000000000000000000000   181121             00000000000000                                                                  000055
1021903727600017200000260206200016896                         00000000400451467324000000000000000000000000060617112126/400451400000000400451467324201121000000003500010400051  000000000000000000000000000000000000000000000000000000000000000000000000000000000000003500000000000000000000000000000   181121             00000000000000                                                                  000056
1021903727600017200000260206200016896                         00000000400466786906000000000000000000000000060617112126/400466700000000400466786906191121000000000800065500001  000000000000000000000000000000000000000000000000000000000000000000000000000000000000000800000000000000000000000000000   181121             00000000000000                                                                  000057
1021903727600017200000260206200016896                         00000000400491430911000000000000000000000000060617112126/400491400000000400491430911191121000000000800065500001  000000000000000000000000000000000000000000000000000000000000000000000000000000000000000800000000000000000000000000000   181121             00000000000000                                                                  000058
1021903727600017200000260206200016896                         00000000400523131865000000000000000000000000060617112126/400523100000000400523131865201121000000000800010401187  000000000000000000000000000000000000000000000000000000000000000000000000000000000000000800000000000000000000000000000   181121             00000000000000                                                                  000059
1021903727600017200000260206200016896                         00000000400592943510000000000000000000000000060617112126/400592900000000400592943510201121000000003000010400397  000000000000000000000000000000000000000000000000000000000000000000000000000000000000003000000000000000000000000000000   181121             00000000000000                                                                  000060
1021903727600017200000260206200016896                         00000000400677440666000000000000000000000000060617112126/400677400000000400677440666201121000000010000075601415  000000000000000000000000000000000000000000000000000000000000000000000000000000000000010000000000000000000000000000000   181121             00000000000000                                                                  000061
1021903727600017200000260206200016896                         00000000400697720584000000000000000000000000060617112126/400697700000000400697720584191121000000000800065500001  000000000000000000000000000000000000000000000000000000000000000000000000000000000000000800000000000000000000000000000   181121             00000000000000                                                                  000062
1021903727600017200000260206200016896                         00000000400734702400000000000000000000000000060617112126/400734700000000400734702400201121000000002500010403880  000000000000000000000000000000000000000000000000000000000000000000000000000000000000002500000000000000000000000000000   181121             00000000000000                                                                  000063
1021903727600017200000260206200016896                         00000000400738311600000000000000000000000000060617112126/400738300000000400738311600201121000000000800010402089  000000000000000000000000000000000000000000000000000000000000000000000000000000000000000800000000000000000000000000000   181121             00000000000000                                                                  000064
1021903727600017200000260206200016896                         00000000400738609588000000000000000000000000060617112126/400738600000000400738609588191121000000000800065500001  000000000000000000000000000000000000000000000000000000000000000000000000000000000000000800000000000000000000000000000   181121             00000000000000                                                                  000065
1021903727600017200000260206200016896                         00000000400805946268000000000000000000000000060617112126/400805900000000400805946268201121000000002000075604327  000000000000000000000000000000000000000000000000000000000000000000000000000000000000002000000000000000000000000000000   181121             00000000000000                                                                  000066
1021903727600017200000260206200016896                         00000000400820926990000000000000000000000000060617112126/400820900000000400820926990191121000000000800065500001  000000000000000000000000000000000000000000000000000000000000000000000000000000000000000800000000000000000000000000000   181121             00000000000000                                                                  000067
1021903727600017200000260206200016896                         00000000400836387704000000000000000000000000060617112126/400836300000000400836387704191121000000000800065500001  000000000000000000000000000000000000000000000000000000000000000000000000000000000000000800000000000000000000000000000   181121             00000000000000                                                                  000068
1021903727600017200000260206200016896                         00000000400881499807000000000000000000000000060617112126/400881400000000400881499807191121000000000800065500001  000000000000000000000000000000000000000000000000000000000000000000000000000000000000000800000000000000000000000000000   181121             00000000000000                                                                  000069
1021903727600017200000260206200016896                         00000000400893019274000000000000000000000000060617112126/400893000000000400893019274191121000000000800065500001  000000000000000000000000000000000000000000000000000000000000000000000000000000000000000800000000000000000000000000000   181121             00000000000000                                                                  000070
1021903727600017200000260206200016896                         00000000400902786968000000000000000000000000060617112126/400902700000000400902786968191121000000000800065500001  000000000000000000000000000000000000000000000000000000000000000000000000000000000000000800000000000000000000000000000   181121             00000000000000                                                                  000071
1021903727600017200000260206200016896                         00000000400942787517000000000000000000000000060617112126/400942700000000400942787517191121000000000810075600259  000000000000000000000000000000000000000000000000000000000000000000000000000000000000000810000000000000000000000000000   181121             00000000000000                                                                  000072
1021903727600017200000260206200016896                         00000000400970059411000000000000000000000000060617112126/400970000000000400970059411191121000000002520010400718  000000000000000000000000000000000000000000000000000000000000000000000000000000000000002520000000000000000000000000000   181121             00000000000000                                                                  000073
1021903727600017200000260206200016896                         00000000400997771628000000000000000000000000060617112126/400997700000000400997771628191121000000000800065500001  000000000000000000000000000000000000000000000000000000000000000000000000000000000000000800000000000000000000000000000   181121             00000000000000                                                                  000074
1021903727600017200000260206200016896                         00000000200122138205000000000000000000000000061017112126/200122100000000200122138205170921000000000119923700000  000000000000000000000000000000000000000000000000000000000000000000000000000000000000000000000000000000000000000000000                          1600000000                                                                  000075
1021903727600017200000260206200016896                         0000000020032602957P000000000000000000000000061017112126/20032600000000020032602957P170921000000000940423700000  000000000000000000000000000000000000000000000000000000000000000000000000000000000000000000000000000000000000000000000                          1600000000                                                                  000076
1021903727600017200000260206200016896                         00000000200753140848000000000000000000000000061017112126/200753100000000200753140848170921000000001120023700000  000000000000000000000000000000000000000000000000000000000000000000000000000000000000000000000000000000000000000000000                          1600000000                                                                  000077
1021903727600017200000260206200016896                         00000000400083349936000000000000000000000000061017112126/400083300000000400083349936170921000000012000023700000  000000000000000000000000000000000000000000000000000000000000000000000000000000000000000000000000000000000000000000000                          1600000000                                                                  000078
1021903727600017200000260206200016896                         00000000400874364696000000000000000000000000061017112126/400874300000000400874364696170921000000005000023700000  000000000000000000000000000000000000000000000000000000000000000000000000000000000000000000000000000000000000000000000                          1600000000                                                                  000079
1021903727600017200000260206200016896                         00000000600236009543000000000000000000000000061017112126/600236000000000600236009543170921000000000099923700000  000000000000000000000000000000000000000000000000000000000000000000000000000000000000000000000000000000000000000000000                          1600000000                                                                  000080
1021903727600017200000260206200016896                         00000000600578172888000000000000000000000000061017112126/600578100000000600578172888170921000000000099923700000  000000000000000000000000000000000000000000000000000000000000000000000000000000000000000000000000000000000000000000000                          1600000000                                                                  000081
1021903727600017200000260206200016896                         0000000060082196402P000000000000000000000000061017112126/60082190000000060082196402P170921000000000319923700000  000000000000000000000000000000000000000000000000000000000000000000000000000000000000000000000000000000000000000000000                          1600000000                                                                  000082
9201237          000003820000000779536500000809          00036000000753329000000736295000360000007362950000800000019700000000000000000000000000000000000000000000000000000000000000000000000                                                                                                                                                                              00000000000000000000000         000083
