02RETORNO01COBRANCA       00000000000005034448E-PREPAG ADMINISTRADORA DE CAR237BRADESCO       1811220160000001061                                                                                                                                                                                                                                                                          211122         000001
1021903727600017200000260206200016896                         00000000400546631830000000000000000000000000060218112226/400546600000000400546631830211122000000003140023704157  000000000008200000000000000000000000000000000000000000000000000000000000000000000000000000000000000000000000000000000                          0000000000                                                                  000002
1021903727600017200000260206200016896                         00000000400568879283000000000000000000000000060218112226/400568800000000400568879283211122000000004200023704154  000000000008200000000000000000000000000000000000000000000000000000000000000000000000000000000000000000000000000000000                          0000000000                                                                  000003
1021903727600017200000260206200016896                         00000000400818255450000000000000000000000000060218112226/400818200000000400818255450211122000000001500023704152  000000000008200000000000000000000000000000000000000000000000000000000000000000000000000000000000000000000000000000000                          0000000000                                                                  000004
1021903727600017200000260206200016896                         00000000400937062571000000000000000000000000060218112226/400937000000000400937062571211122000000002500023704159  000000000008200000000000000000000000000000000000000000000000000000000000000000000000000000000000000000000000000000000                          0000000000                                                                  000005
1021903727600017200000260206200016896                         00000000400546631830000000000000000000000000060618112226/400546600000000400546631830211122000000003140010400389  000000000000000000000000000000000000000000000000000000000000000000000000000000000000003140000000000000000000000000000   211122             00000000000000                                                                  000006
1021903727600017200000260206200016896                         00000000400568879283000000000000000000000000060618112226/400568800000000400568879283211122000000004200010400721  000000000000000000000000000000000000000000000000000000000000000000000000000000000000004200000000000000000000000000000   211122             00000000000000                                                                  000007
1021903727600017200000260206200016896                         00000000400818255450000000000000000000000000060618112226/400818200000000400818255450211122000000001500023700536  000000000000000000000000000000000000000000000000000000000000000000000000000000000000001500000000000000000000000000000   211122             00000000000000                                                                  000008
1021903727600017200000260206200016896                         00000000400937062571000000000000000000000000060618112226/400937000000000400937062571211122000000002500075604327  000000000000000000000000000000000000000000000000000000000000000000000000000000000000002500000000000000000000000000000   211122             00000000000000                                                                  000009
1021903727600017200000260206200016896                         00000000200876866312000000000000000000000000061018112226/200876800000000200876866312180922000000001359923700000  000000000000000000000000000000000000000000000000000000000000000000000000000000000000000000000000000000000000000000000                          1600000000                                                                  000010
1021903727600017200000260206200016896                         00000000400175066922000000000000000000000000061018112226/400175000000000400175066922180922000000000800023700000  000000000000000000000000000000000000000000000000000000000000000000000000000000000000000000000000000000000000000000000                          1600000000                                                                  000011
9201237          000000760000000251654100001061          00004000000113400000000113400000040000001134000000200000002159900000000000000000000000000000000000000000000000000000000000000000000                                                                                                                                                                              00000000000000000000000         000012
