02RETORNO01COBRANCA       00000000000005034448E-PREPAG ADMINISTRADORA DE CAR237BRADESCO       1808210160000000748                                                                                                                                                                                                                                                                          190821         000001
1021903727600017200000260206200016896                         0000000040047561557P000000000000000000000000060618082126/40047560000000040047561557P190821000000012000000102265  000000000000000000000000000000000000000000000000000000000000000000000000000000000000012000000000000000000000000000000   190821             00000000000000                                                                  000002
1021903727600017200000260206200016896                         00000000200140494744000000000000000000000000061018082126/200140400000000200140494744180621000000001522923700000  000000000000000000000000000000000000000000000000000000000000000000000000000000000000000000000000000000000000000000000                          1600000000                                                                  000003
1021903727600017200000260206200016896                         00000000200640329618000000000000000000000000061018082126/200640300000000200640329618180621000000000500023700000  000000000000000000000000000000000000000000000000000000000000000000000000000000000000000000000000000000000000000000000                          1600000000                                                                  000004
1021903727600017200000260206200016896                         00000000400600540196000000000000000000000000061018082126/400600500000000400600540196180621000000001000023700000  000000000000000000000000000000000000000000000000000000000000000000000000000000000000000000000000000000000000000000000                          1600000000                                                                  000005
1021903727600017200000260206200016896                         00000000400758354616000000000000000000000000061018082126/400758300000000400758354616180621000000008000023700000  000000000000000000000000000000000000000000000000000000000000000000000000000000000000000000000000000000000000000000000                          1600000000                                                                  000006
9201237          000004940000001038213800000748          00000000000000000000000120000000010000001200000000400000011022900000000000000000000000000000000000000000000000000000000000000000000                                                                                                                                                                              00000000000000000000000         000007
