02RETORNO01COBRANCA       00000000000005034448E-PREPAG ADMINISTRADORA DE CAR237BRADESCO       1804230160000001164                                                                                                                                                                                                                                                                          180423         000001
1021903727600017200000260206200016896                         00000000200288129859000000000000000000000000060218042326/200288100000000200288129859210423000000000500023704400  000000000008200000000000000000000000000000000000000000000000000000000000000000000000000000000000000000000000000000000                          7600000000                                                                  000002
1021903727600017200000260206200016896                         00000000200341873808000000000000000000000000060218042326/200341800000000200341873808210423000000001360023704400  000000000008200000000000000000000000000000000000000000000000000000000000000000000000000000000000000000000000000000000                          7600000000                                                                  000003
9201237          000000590000000077347300001164          00002000000018600000000000000000000000000000000000000000000000000000000000000000000000000000000000000000000000000000000000000000000                                                                                                                                                                              00000000000000000000000         000004
