02RETORNO01COBRANCA       00000000000005034448E-PREPAG ADMINISTRADORA DE CAR237BRADESCO       1811210160000000810                                                                                                                                                                                                                                                                          191121         000001
1021903727600017200000260206200016896                         00000000200354121074000000000000000000000000060218112126/200354100000000200354121074211121000000000219923700153  000000000008200000000000000000000000000000000000000000000000000000000000000000000000000000000000000000000000000000000                          0000000000                                                                  000002
1021903727600017200000260206200016896                         00000000200799145305000000000000000000000000060218112126/200799100000000200799145305211121000000000295823704151  000000000008200000000000000000000000000000000000000000000000000000000000000000000000000000000000000000000000000000000                          0000000000                                                                  000003
1021903727600017200000260206200016896                         00000000200855647696000000000000000000000000060218112126/200855600000000200855647696211121000000000497623704424  000000000008200000000000000000000000000000000000000000000000000000000000000000000000000000000000000000000000000000000                          0000000000                                                                  000004
1021903727600017200000260206200016896                         00000000400000082135000000000000000000000000060218112126/400000000000000400000082135211121000000002670023700320  000000000008200000000000000000000000000000000000000000000000000000000000000000000000000000000000000000000000000000000                          0000000000                                                                  000005
1021903727600017200000260206200016896                         00000000400045921693000000000000000000000000060218112126/400045900000000400045921693211121000000003750023704424  000000000008200000000000000000000000000000000000000000000000000000000000000000000000000000000000000000000000000000000                          0000000000                                                                  000006
1021903727600017200000260206200016896                         00000000400083883401000000000000000000000000060218112126/400083800000000400083883401211121000000000800023704151  000000000008200000000000000000000000000000000000000000000000000000000000000000000000000000000000000000000000000000000                          0000000000                                                                  000007
1021903727600017200000260206200016896                         00000000400190294567000000000000000000000000060218112126/400190200000000400190294567211121000000099000023704151  000000000008200000000000000000000000000000000000000000000000000000000000000000000000000000000000000000000000000000000                          7600000000                                                                  000008
1021903727600017200000260206200016896                         00000000400210483906000000000000000000000000060218112126/400210400000000400210483906211121000000010500023704157  000000000008200000000000000000000000000000000000000000000000000000000000000000000000000000000000000000000000000000000                          0000000000                                                                  000009
1021903727600017200000260206200016896                         00000000400217083210000000000000000000000000060218112126/400217000000000400217083210211121000000004700023704602  000000000008200000000000000000000000000000000000000000000000000000000000000000000000000000000000000000000000000000000                          0000000000                                                                  000010
1021903727600017200000260206200016896                         00000000400238092910000000000000000000000000060218112126/400238000000000400238092910211121000000000800023700435  000000000008200000000000000000000000000000000000000000000000000000000000000000000000000000000000000000000000000000000                          0000000000                                                                  000011
1021903727600017200000260206200016896                         00000000400274111719000000000000000000000000060218112126/400274100000000400274111719211121000000003200023704144  000000000008200000000000000000000000000000000000000000000000000000000000000000000000000000000000000000000000000000000                          0000000000                                                                  000012
1021903727600017200000260206200016896                         00000000400285277856000000000000000000000000060218112126/400285200000000400285277856211121000000010000023704157  000000000008200000000000000000000000000000000000000000000000000000000000000000000000000000000000000000000000000000000                          0000000000                                                                  000013
1021903727600017200000260206200016896                         00000000400343281923000000000000000000000000060218112126/400343200000000400343281923211121000000001000023700140  000000000008200000000000000000000000000000000000000000000000000000000000000000000000000000000000000000000000000000000                          0000000000                                                                  000014
1021903727600017200000260206200016896                         00000000400433120538000000000000000000000000060218112126/400433100000000400433120538211121000000000800023703162  000000000008200000000000000000000000000000000000000000000000000000000000000000000000000000000000000000000000000000000                          0000000000                                                                  000015
1021903727600017200000260206200016896                         00000000400444217444000000000000000000000000060218112126/400444200000000400444217444211121000000007900023702062  000000000008200000000000000000000000000000000000000000000000000000000000000000000000000000000000000000000000000000000                          0000000000                                                                  000016
1021903727600017200000260206200016896                         00000000400446849987000000000000000000000000060218112126/400446800000000400446849987211121000000007800023702062  000000000008200000000000000000000000000000000000000000000000000000000000000000000000000000000000000000000000000000000                          0000000000                                                                  000017
1021903727600017200000260206200016896                         00000000400508196683000000000000000000000000060218112126/400508100000000400508196683211121000000007700023702062  000000000008200000000000000000000000000000000000000000000000000000000000000000000000000000000000000000000000000000000                          0000000000                                                                  000018
1021903727600017200000260206200016896                         00000000400603032949000000000000000000000000060218112126/400603000000000400603032949211121000000012000023704143  000000000008200000000000000000000000000000000000000000000000000000000000000000000000000000000000000000000000000000000                          7600000000                                                                  000019
1021903727600017200000260206200016896                         00000000400746616909000000000000000000000000060218112126/400746600000000400746616909211121000000008000023702062  000000000008200000000000000000000000000000000000000000000000000000000000000000000000000000000000000000000000000000000                          0000000000                                                                  000020
1021903727600017200000260206200016896                         00000000400757476378000000000000000000000000060218112126/400757400000000400757476378211121000000003860023704154  000000000008200000000000000000000000000000000000000000000000000000000000000000000000000000000000000000000000000000000                          0000000000                                                                  000021
1021903727600017200000260206200016896                         00000000400879508793000000000000000000000000060218112126/400879500000000400879508793211121000000007750023702062  000000000008200000000000000000000000000000000000000000000000000000000000000000000000000000000000000000000000000000000                          0000000000                                                                  000022
1021903727600017200000260206200016896                         00000000400925326719000000000000000000000000060218112126/400925300000000400925326719211121000000001150023704154  000000000008200000000000000000000000000000000000000000000000000000000000000000000000000000000000000000000000000000000                          0000000000                                                                  000023
1021903727600017200000260206200016896                         00000000400985138776000000000000000000000000060218112126/400985100000000400985138776211121000000010000023704452  000000000008200000000000000000000000000000000000000000000000000000000000000000000000000000000000000000000000000000000                          0000000000                                                                  000024
1021903727600017200000260206200016896                         00000000600239449277000000000000000000000000060218112126/600239400000000600239449277211121000000000069923704424  000000000008200000000000000000000000000000000000000000000000000000000000000000000000000000000000000000000000000000000                          0000000000                                                                  000025
1021903727600017200000260206200016896                         0000000060055443962P000000000000000000000000060218112126/60055440000000060055443962P211121000000000500023704422  000000000008200000000000000000000000000000000000000000000000000000000000000000000000000000000000000000000000000000000                          0000000000                                                                  000026
1021903727600017200000260206200016896                         00000000600745095475000000000000000000000000060218112126/600745000000000600745095475211121000000000580023702062  000000000008200000000000000000000000000000000000000000000000000000000000000000000000000000000000000000000000000000000                          7600000000                                                                  000027
1021903727600017200000260206200016896                         00000000600783397809000000000000000000000000060218112126/600783300000000600783397809211121000000000419923704452  000000000008200000000000000000000000000000000000000000000000000000000000000000000000000000000000000000000000000000000                          0000000000                                                                  000028
1021903727600017200000260206200016896                         00000000200288975709000000000000000000000000060618112126/200288900000000200288975709191121000000000232821200001  000000000000000000000000000000000000000000000000000000000000000000000000000000000000000232800000000000000000000000000   191121             00000000000000                                                                  000029
1021903727600017200000260206200016896                         00000000200614087673000000000000000000000000060618112126/200614000000000200614087673201121000000000404634109926  000000000000000000000000000000000000000000000000000000000000000000000000000000000000000404600000000000000000000000000   191121             00000000000000                                                                  000030
1021903727600017200000260206200016896                         00000000400000082135000000000000000000000000060618112126/400000000000000400000082135211121000000002670023703733  000000000000000000000000000000000000000000000000000000000000000000000000000000000000002670000000000000000000000000000   191121             00000000000000                                                                  000031
1021903727600017200000260206200016896                         00000000400022701386000000000000000000000000060618112126/400022700000000400022701386201121000000000800065500001  000000000000000000000000000000000000000000000000000000000000000000000000000000000000000800000000000000000000000000000   191121             00000000000000                                                                  000032
1021903727600017200000260206200016896                         00000000400045921693000000000000000000000000060618112126/400045900000000400045921693211121000000003750010403880  000000000000000000000000000000000000000000000000000000000000000000000000000000000000003750000000000000000000000000000   191121             00000000000000                                                                  000033
1021903727600017200000260206200016896                         00000000400068958217000000000000000000000000060618112126/400068900000000400068958217201121000000000800065500001  000000000000000000000000000000000000000000000000000000000000000000000000000000000000000800000000000000000000000000000   191121             00000000000000                                                                  000034
1021903727600017200000260206200016896                         00000000400083883401000000000000000000000000060618112126/400083800000000400083883401211121000000000800063300001  000000000000000000000000000000000000000000000000000000000000000000000000000000000000000800000000000000000000000000000   191121             00000000000000                                                                  000035
1021903727600017200000260206200016896                         0000000040010155058P000000000000000000000000060618112126/40010150000000040010155058P201121000000000800065500001  000000000000000000000000000000000000000000000000000000000000000000000000000000000000000800000000000000000000000000000   191121             00000000000000                                                                  000036
1021903727600017200000260206200016896                         00000000400124362950000000000000000000000000060618112126/400124300000000400124362950201121000000000800065500001  000000000000000000000000000000000000000000000000000000000000000000000000000000000000000800000000000000000000000000000   191121             00000000000000                                                                  000037
1021903727600017200000260206200016896                         00000000400190294567000000000000000000000000060618112126/400190200000000400190294567211121000000099000033600001  000000000000000000000000000000000000000000000000000000000000000000000000000000000000099000000000000000000000000000000   191121             00000000000000                                                                  000038
1021903727600017200000260206200016896                         00000000400210483906000000000000000000000000060618112126/400210400000000400210483906211121000000010500010400389  000000000000000000000000000000000000000000000000000000000000000000000000000000000000010500000000000000000000000000000   191121             00000000000000                                                                  000039
1021903727600017200000260206200016896                         00000000400217083210000000000000000000000000060618112126/400217000000000400217083210211121000000004700000101694  000000000000000000000000000000000000000000000000000000000000000000000000000000000000004700000000000000000000000000000   191121             00000000000000                                                                  000040
1021903727600017200000260206200016896                         00000000400238092910000000000000000000000000060618112126/400238000000000400238092910211121000000000800065500001  000000000000000000000000000000000000000000000000000000000000000000000000000000000000000800000000000000000000000000000   191121             00000000000000                                                                  000041
1021903727600017200000260206200016896                         00000000400252067554000000000000000000000000060618112126/400252000000000400252067554201121000000000800065500001  000000000000000000000000000000000000000000000000000000000000000000000000000000000000000800000000000000000000000000000   191121             00000000000000                                                                  000042
1021903727600017200000260206200016896                         00000000400274111719000000000000000000000000060618112126/400274100000000400274111719211121000000003200010400397  000000000000000000000000000000000000000000000000000000000000000000000000000000000000003200000000000000000000000000000   191121             00000000000000                                                                  000043
1021903727600017200000260206200016896                         00000000400285277856000000000000000000000000060618112126/400285200000000400285277856211121000000010000010400389  000000000000000000000000000000000000000000000000000000000000000000000000000000000000010000000000000000000000000000000   191121             00000000000000                                                                  000044
1021903727600017200000260206200016896                         00000000400293928459000000000000000000000000060618112126/400293900000000400293928459201121000000000800065500001  000000000000000000000000000000000000000000000000000000000000000000000000000000000000000800000000000000000000000000000   191121             00000000000000                                                                  000045
1021903727600017200000260206200016896                         00000000400299062925000000000000000000000000060618112126/400299000000000400299062925201121000000000800065500001  000000000000000000000000000000000000000000000000000000000000000000000000000000000000000800000000000000000000000000000   191121             00000000000000                                                                  000046
1021903727600017200000260206200016896                         00000000400320077407000000000000000000000000060618112126/400320000000000400320077407191121000000002000023700332  000000000000000000000000000000000000000000000000000000000000000000000000000000000000002000000000000000000000000000000   191121             00000000000000                                                                  000047
1021903727600017200000260206200016896                         00000000400343281923000000000000000000000000060618112126/400343200000000400343281923211121000000001000075604327  000000000000000000000000000000000000000000000000000000000000000000000000000000000000001000000000000000000000000000000   191121             00000000000000                                                                  000048
1021903727600017200000260206200016896                         00000000400397262932000000000000000000000000060618112126/400397200000000400397262932201121000000000800065500001  000000000000000000000000000000000000000000000000000000000000000000000000000000000000000800000000000000000000000000000   191121             00000000000000                                                                  000049
1021903727600017200000260206200016896                         00000000400397837315000000000000000000000000060618112126/400397800000000400397837315201121000000000800065500001  000000000000000000000000000000000000000000000000000000000000000000000000000000000000000800000000000000000000000000000   191121             00000000000000                                                                  000050
1021903727600017200000260206200016896                         00000000400433120538000000000000000000000000060618112126/400433100000000400433120538211121000000000800021200001  000000000000000000000000000000000000000000000000000000000000000000000000000000000000000800000000000000000000000000000   191121             00000000000000                                                                  000051
1021903727600017200000260206200016896                         00000000400506539516000000000000000000000000060618112126/400506500000000400506539516201121000000003000063300001  000000000000000000000000000000000000000000000000000000000000000000000000000000000000003000000000000000000000000000000   191121             00000000000000                                                                  000052
1021903727600017200000260206200016896                         00000000400531639371000000000000000000000000060618112126/400531600000000400531639371201121000000000800065500001  000000000000000000000000000000000000000000000000000000000000000000000000000000000000000800000000000000000000000000000   191121             00000000000000                                                                  000053
1021903727600017200000260206200016896                         00000000400569072723000000000000000000000000060618112126/400569000000000400569072723201121000000000800065500001  000000000000000000000000000000000000000000000000000000000000000000000000000000000000000800000000000000000000000000000   191121             00000000000000                                                                  000054
1021903727600017200000260206200016896                         00000000400571405691000000000000000000000000060618112126/400571400000000400571405691201121000000000800065500001  000000000000000000000000000000000000000000000000000000000000000000000000000000000000000800000000000000000000000000000   191121             00000000000000                                                                  000055
1021903727600017200000260206200016896                         00000000400603032949000000000000000000000000060618112126/400603000000000400603032949211121000000012000010403850  000000000000000000000000000000000000000000000000000000000000000000000000000000000000012000000000000000000000000000000   191121             00000000000000                                                                  000056
1021903727600017200000260206200016896                         00000000400624714500000000000000000000000000060618112126/400624700000000400624714500191121000000002000023700332  000000000000000000000000000000000000000000000000000000000000000000000000000000000000002000000000000000000000000000000   191121             00000000000000                                                                  000057
1021903727600017200000260206200016896                         00000000400662209151000000000000000000000000060618112126/400662200000000400662209151201121000000000800065500001  000000000000000000000000000000000000000000000000000000000000000000000000000000000000000800000000000000000000000000000   191121             00000000000000                                                                  000058
1021903727600017200000260206200016896                         00000000400757476378000000000000000000000000060618112126/400757400000000400757476378211121000000003860002100112  000000000000000000000000000000000000000000000000000000000000000000000000000000000000003860000000000000000000000000000   191121             00000000000000                                                                  000059
1021903727600017200000260206200016896                         00000000400885344247000000000000000000000000060618112126/400885300000000400885344247201121000000000800065500001  000000000000000000000000000000000000000000000000000000000000000000000000000000000000000800000000000000000000000000000   191121             00000000000000                                                                  000060
1021903727600017200000260206200016896                         00000000400894148701000000000000000000000000060618112126/400894100000000400894148701201121000000000800065500001  000000000000000000000000000000000000000000000000000000000000000000000000000000000000000800000000000000000000000000000   191121             00000000000000                                                                  000061
1021903727600017200000260206200016896                         00000000600745095475000000000000000000000000060618112126/600745000000000600745095475211121000000000580065500001  000000000000000000000000000000000000000000000000000000000000000000000000000000000000000580000000000000000000000000000   191121             00000000000000                                                                  000062
1021903727600017200000260206200016896                         00000000200123418163000000000000000000000000061018112126/200123400000000200123418163180921000000000319923700000  000000000000000000000000000000000000000000000000000000000000000000000000000000000000000000000000000000000000000000000                          1600000000                                                                  000063
1021903727600017200000260206200016896                         0000000020091120087P000000000000000000000000061018112126/20091120000000020091120087P180921000000000271723700000  000000000000000000000000000000000000000000000000000000000000000000000000000000000000000000000000000000000000000000000                          1600000000                                                                  000064
1021903727600017200000260206200016896                         0000000020099987929P000000000000000000000000061018112126/20099980000000020099987929P180921000000000049923700000  000000000000000000000000000000000000000000000000000000000000000000000000000000000000000000000000000000000000000000000                          1600000000                                                                  000065
1021903727600017200000260206200016896                         00000000400271835066000000000000000000000000061018112126/400271800000000400271835066180921000000003000023700000  000000000000000000000000000000000000000000000000000000000000000000000000000000000000000000000000000000000000000000000                          1600000000                                                                  000066
1021903727600017200000260206200016896                         00000000400300331854000000000000000000000000061018112126/400300300000000400300331854180921000000000800023700000  000000000000000000000000000000000000000000000000000000000000000000000000000000000000000000000000000000000000000000000                          1600000000                                                                  000067
1021903727600017200000260206200016896                         00000000400604179307000000000000000000000000061018112126/400604100000000400604179307180921000000012000023700000  000000000000000000000000000000000000000000000000000000000000000000000000000000000000000000000000000000000000000000000                          1600000000                                                                  000068
1021903727600017200000260206200016896                         00000000400704978061000000000000000000000000061018112126/400704900000000400704978061180921000000003000023700000  000000000000000000000000000000000000000000000000000000000000000000000000000000000000000000000000000000000000000000000                          1600000000                                                                  000069
1021903727600017200000260206200016896                         00000000400788011861000000000000000000000000061018112126/400788000000000400788011861180921000000005000023700000  000000000000000000000000000000000000000000000000000000000000000000000000000000000000000000000000000000000000000000000                          1600000000                                                                  000070
1021903727600017200000260206200016896                         00000000400793915892000000000000000000000000061018112126/400793900000000400793915892180921000000000800023700000  000000000000000000000000000000000000000000000000000000000000000000000000000000000000000000000000000000000000000000000                          1600000000                                                                  000071
9201237          000003660000000786960700000810          00027000002059631000001732974000340000017329740000900000025241500000000000000000000000000000000000000000000000000000000000000000000                                                                                                                                                                              00000000000000000000000         000072
