02RETORNO01COBRANCA       00000000000005034448E-PREPAG ADMINISTRADORA DE CAR237BRADESCO       1810210160000000789                                                                                                                                                                                                                                                                          191021         000001
1021903727600017200000260206200016896                         00000000100031650111000000000000000000000000060218102126/100031600000000100031650111191021000000020583623704602  000000000008200000000000000000000000000000000000000000000000000000000000000000000000000000000000000000000000000000000                          0000000000                                                                  000002
1021903727600017200000260206200016896                         00000000100031655458000000000000000000000000060218102126/100031600000000100031655458191021000000000686023704436  000000000008200000000000000000000000000000000000000000000000000000000000000000000000000000000000000000000000000000000                          0000000000                                                                  000003
1021903727600017200000260206200016896                         00000000100031671925000000000000000000000000060218102126/100031600000000100031671925191021000000000539023704144  000000000000000000000000000000000000000000000000000000000000000000000000000000000000000000000000000000000000000000000                          7600000000                                                                  000004
1021903727600017200000260206200016896                         00000000100031708837000000000000000000000000060218102126/100031700000000100031708837191021000000007891823704400  000000000008200000000000000000000000000000000000000000000000000000000000000000000000000000000000000000000000000000000                          0000000000                                                                  000005
1021903727600017200000260206200016896                         00000000200147192204000000000000000000000000060218102126/200147100000000200147192204211021000000000049923704422  000000000008200000000000000000000000000000000000000000000000000000000000000000000000000000000000000000000000000000000                          0000000000                                                                  000006
1021903727600017200000260206200016896                         00000000200191246524000000000000000000000000060218102126/200191200000000200191246524191021000000001000023704422  000000000008200000000000000000000000000000000000000000000000000000000000000000000000000000000000000000000000000000000                          7600000000                                                                  000007
1021903727600017200000260206200016896                         00000000200466955008000000000000000000000000060218102126/200466900000000200466955008191021000000000119923704144  000000000008200000000000000000000000000000000000000000000000000000000000000000000000000000000000000000000000000000000                          0000000000                                                                  000008
1021903727600017200000260206200016896                         00000000200640393138000000000000000000000000060218102126/200640300000000200640393138201021000000000481423704422  000000000008200000000000000000000000000000000000000000000000000000000000000000000000000000000000000000000000000000000                          7600000000                                                                  000009
1021903727600017200000260206200016896                         00000000200693145667000000000000000000000000060218102126/200693100000000200693145667211021000000000500023700073  000000000008200000000000000000000000000000000000000000000000000000000000000000000000000000000000000000000000000000000                          0000000000                                                                  000010
1021903727600017200000260206200016896                         00000000200776879840000000000000000000000000060218102126/200776800000000200776879840201021000000000215423704159  000000000008200000000000000000000000000000000000000000000000000000000000000000000000000000000000000000000000000000000                          7600000000                                                                  000011
1021903727600017200000260206200016896                         00000000200844302115000000000000000000000000060218102126/200844300000000200844302115201021000000000481423704424  000000000008200000000000000000000000000000000000000000000000000000000000000000000000000000000000000000000000000000000                          0000000000                                                                  000012
1021903727600017200000260206200016896                         00000000200872018511000000000000000000000000060218102126/200872000000000200872018511201021000000000374923704422  000000000008200000000000000000000000000000000000000000000000000000000000000000000000000000000000000000000000000000000                          0000000000                                                                  000013
1021903727600017200000260206200016896                         00000000200960172377000000000000000000000000060218102126/200960100000000200960172377211021000000001741123704151  000000000008200000000000000000000000000000000000000000000000000000000000000000000000000000000000000000000000000000000                          0000000000                                                                  000014
1021903727600017200000260206200016896                         00000000200961988966000000000000000000000000060218102126/200961900000000200961988966211021000000000119923704400  000000000008200000000000000000000000000000000000000000000000000000000000000000000000000000000000000000000000000000000                          0000000000                                                                  000015
1021903727600017200000260206200016896                         00000000400066606879000000000000000000000000060218102126/400066600000000400066606879211021000000000840023702062  000000000008200000000000000000000000000000000000000000000000000000000000000000000000000000000000000000000000000000000                          0000000000                                                                  000016
1021903727600017200000260206200016896                         00000000400165748847000000000000000000000000060218102126/400165700000000400165748847191021000000005360023704154  000000000008200000000000000000000000000000000000000000000000000000000000000000000000000000000000000000000000000000000                          0000000000                                                                  000017
1021903727600017200000260206200016896                         00000000400209636634000000000000000000000000060218102126/400209600000000400209636634211021000000015000023704157  000000000008200000000000000000000000000000000000000000000000000000000000000000000000000000000000000000000000000000000                          0000000000                                                                  000018
1021903727600017200000260206200016896                         00000000400213190454000000000000000000000000060218102126/400213100000000400213190454211021000000001000023704151  000000000008200000000000000000000000000000000000000000000000000000000000000000000000000000000000000000000000000000000                          0000000000                                                                  000019
1021903727600017200000260206200016896                         00000000400225082924000000000000000000000000060218102126/400225000000000400225082924201021000000001000023704452  000000000008200000000000000000000000000000000000000000000000000000000000000000000000000000000000000000000000000000000                          0000000000                                                                  000020
1021903727600017200000260206200016896                         00000000400233464038000000000000000000000000060218102126/400233400000000400233464038211021000000000800023704159  000000000008200000000000000000000000000000000000000000000000000000000000000000000000000000000000000000000000000000000                          0000000000                                                                  000021
1021903727600017200000260206200016896                         00000000400260235253000000000000000000000000060218102126/400260200000000400260235253211021000000011950023704151  000000000008200000000000000000000000000000000000000000000000000000000000000000000000000000000000000000000000000000000                          0000000000                                                                  000022
1021903727600017200000260206200016896                         00000000400270989825000000000000000000000000060218102126/400270900000000400270989825211021000000000800023704159  000000000008200000000000000000000000000000000000000000000000000000000000000000000000000000000000000000000000000000000                          0000000000                                                                  000023
1021903727600017200000260206200016896                         00000000400275378484000000000000000000000000060218102126/400275300000000400275378484211021000000000800023704159  000000000008200000000000000000000000000000000000000000000000000000000000000000000000000000000000000000000000000000000                          0000000000                                                                  000024
1021903727600017200000260206200016896                         00000000400292070914000000000000000000000000060218102126/400292000000000400292070914211021000000001260023704157  000000000008200000000000000000000000000000000000000000000000000000000000000000000000000000000000000000000000000000000                          0000000000                                                                  000025
1021903727600017200000260206200016896                         00000000400378106709000000000000000000000000060218102126/400378100000000400378106709211021000000000800023704159  000000000008200000000000000000000000000000000000000000000000000000000000000000000000000000000000000000000000000000000                          0000000000                                                                  000026
1021903727600017200000260206200016896                         00000000400386767331000000000000000000000000060218102126/400386700000000400386767331211021000000000800023704159  000000000008200000000000000000000000000000000000000000000000000000000000000000000000000000000000000000000000000000000                          0000000000                                                                  000027
1021903727600017200000260206200016896                         0000000040039515539P000000000000000000000000060218102126/40039510000000040039515539P211021000000000800023704159  000000000008200000000000000000000000000000000000000000000000000000000000000000000000000000000000000000000000000000000                          0000000000                                                                  000028
1021903727600017200000260206200016896                         0000000040040877311P000000000000000000000000060218102126/40040870000000040040877311P211021000000002000023704452  000000000008200000000000000000000000000000000000000000000000000000000000000000000000000000000000000000000000000000000                          0000000000                                                                  000029
1021903727600017200000260206200016896                         0000000040043408053P000000000000000000000000060218102126/40043400000000040043408053P211021000000002000023700389  000000000008200000000000000000000000000000000000000000000000000000000000000000000000000000000000000000000000000000000                          0000000000                                                                  000030
1021903727600017200000260206200016896                         00000000400435320143000000000000000000000000060218102126/400435300000000400435320143211021000000000800023704159  000000000008200000000000000000000000000000000000000000000000000000000000000000000000000000000000000000000000000000000                          0000000000                                                                  000031
1021903727600017200000260206200016896                         00000000400441953263000000000000000000000000060218102126/400441900000000400441953263211021000000001200023704157  000000000008200000000000000000000000000000000000000000000000000000000000000000000000000000000000000000000000000000000                          0000000000                                                                  000032
1021903727600017200000260206200016896                         0000000040044839913P000000000000000000000000060218102126/40044830000000040044839913P211021000000000800023704159  000000000008200000000000000000000000000000000000000000000000000000000000000000000000000000000000000000000000000000000                          0000000000                                                                  000033
1021903727600017200000260206200016896                         00000000400461438365000000000000000000000000060218102126/400461400000000400461438365191021000000003000023704452  000000000008200000000000000000000000000000000000000000000000000000000000000000000000000000000000000000000000000000000                          0000000000                                                                  000034
1021903727600017200000260206200016896                         0000000040049585340P000000000000000000000000060218102126/40049580000000040049585340P211021000000003100023704426  000000000008200000000000000000000000000000000000000000000000000000000000000000000000000000000000000000000000000000000                          0000000000                                                                  000035
1021903727600017200000260206200016896                         00000000400505124134000000000000000000000000060218102126/400505100000000400505124134191021000000012000023704151  000000000008200000000000000000000000000000000000000000000000000000000000000000000000000000000000000000000000000000000                          0000000000                                                                  000036
1021903727600017200000260206200016896                         00000000400509614098000000000000000000000000060218102126/400509600000000400509614098191021000000003000023704151  000000000008200000000000000000000000000000000000000000000000000000000000000000000000000000000000000000000000000000000                          0000000000                                                                  000037
1021903727600017200000260206200016896                         00000000400535391617000000000000000000000000060218102126/400535300000000400535391617211021000000000800023702062  000000000008200000000000000000000000000000000000000000000000000000000000000000000000000000000000000000000000000000000                          0000000000                                                                  000038
1021903727600017200000260206200016896                         00000000400549912903000000000000000000000000060218102126/400549900000000400549912903211021000000000800023704159  000000000008200000000000000000000000000000000000000000000000000000000000000000000000000000000000000000000000000000000                          0000000000                                                                  000039
1021903727600017200000260206200016896                         00000000400551400618000000000000000000000000060218102126/400551400000000400551400618211021000000000840023702062  000000000008200000000000000000000000000000000000000000000000000000000000000000000000000000000000000000000000000000000                          0000000000                                                                  000040
1021903727600017200000260206200016896                         00000000400563014993000000000000000000000000060218102126/400563000000000400563014993211021000000001000023704143  000000000008200000000000000000000000000000000000000000000000000000000000000000000000000000000000000000000000000000000                          0000000000                                                                  000041
1021903727600017200000260206200016896                         00000000400565448559000000000000000000000000060218102126/400565400000000400565448559211021000000002000023704152  000000000008200000000000000000000000000000000000000000000000000000000000000000000000000000000000000000000000000000000                          0000000000                                                                  000042
1021903727600017200000260206200016896                         00000000400566396811000000000000000000000000060218102126/400566300000000400566396811201021000000001100023704452  000000000008200000000000000000000000000000000000000000000000000000000000000000000000000000000000000000000000000000000                          0000000000                                                                  000043
1021903727600017200000260206200016896                         00000000400574734092000000000000000000000000060218102126/400574700000000400574734092211021000000002300023700153  000000000008200000000000000000000000000000000000000000000000000000000000000000000000000000000000000000000000000000000                          0000000000                                                                  000044
1021903727600017200000260206200016896                         00000000400605019079000000000000000000000000060218102126/400605000000000400605019079211021000000000800023700435  000000000008200000000000000000000000000000000000000000000000000000000000000000000000000000000000000000000000000000000                          0000000000                                                                  000045
1021903727600017200000260206200016896                         00000000400607879148000000000000000000000000060218102126/400607800000000400607879148211021000000000800023704152  000000000008200000000000000000000000000000000000000000000000000000000000000000000000000000000000000000000000000000000                          0000000000                                                                  000046
1021903727600017200000260206200016896                         00000000400610512395000000000000000000000000060218102126/400610500000000400610512395211021000000002110023700140  000000000008200000000000000000000000000000000000000000000000000000000000000000000000000000000000000000000000000000000                          0000000000                                                                  000047
1021903727600017200000260206200016896                         00000000400618024365000000000000000000000000060218102126/400618000000000400618024365211021000000000800023704422  000000000008200000000000000000000000000000000000000000000000000000000000000000000000000000000000000000000000000000000                          0000000000                                                                  000048
1021903727600017200000260206200016896                         00000000400632129587000000000000000000000000060218102126/400632100000000400632129587211021000000004000023700140  000000000000000000000000000000000000000000000000000000000000000000000000000000000000000000000000000000000000000000000                          0000000000                                                                  000049
1021903727600017200000260206200016896                         0000000040064566452P000000000000000000000000060218102126/40064560000000040064566452P211021000000000820023702062  000000000008200000000000000000000000000000000000000000000000000000000000000000000000000000000000000000000000000000000                          0000000000                                                                  000050
1021903727600017200000260206200016896                         00000000400661833196000000000000000000000000060218102126/400661800000000400661833196211021000000000800023704159  000000000008200000000000000000000000000000000000000000000000000000000000000000000000000000000000000000000000000000000                          0000000000                                                                  000051
1021903727600017200000260206200016896                         00000000400666046125000000000000000000000000060218102126/400666000000000400666046125211021000000001800023704159  000000000008200000000000000000000000000000000000000000000000000000000000000000000000000000000000000000000000000000000                          0000000000                                                                  000052
1021903727600017200000260206200016896                         00000000400668540453000000000000000000000000060218102126/400668500000000400668540453211021000000000830023702062  000000000008200000000000000000000000000000000000000000000000000000000000000000000000000000000000000000000000000000000                          0000000000                                                                  000053
1021903727600017200000260206200016896                         0000000040067031293P000000000000000000000000060218102126/40067030000000040067031293P211021000000001200023704157  000000000008200000000000000000000000000000000000000000000000000000000000000000000000000000000000000000000000000000000                          0000000000                                                                  000054
1021903727600017200000260206200016896                         00000000400672549112000000000000000000000000060218102126/400672500000000400672549112211021000000001500023704157  000000000008200000000000000000000000000000000000000000000000000000000000000000000000000000000000000000000000000000000                          0000000000                                                                  000055
1021903727600017200000260206200016896                         00000000400699231955000000000000000000000000060218102126/400699200000000400699231955211021000000000840023702062  000000000008200000000000000000000000000000000000000000000000000000000000000000000000000000000000000000000000000000000                          0000000000                                                                  000056
1021903727600017200000260206200016896                         00000000400703636582000000000000000000000000060218102126/400703600000000400703636582211021000000003000023704159  000000000008200000000000000000000000000000000000000000000000000000000000000000000000000000000000000000000000000000000                          0000000000                                                                  000057
1021903727600017200000260206200016896                         00000000400726185847000000000000000000000000060218102126/400726100000000400726185847211021000000002000023704426  000000000008200000000000000000000000000000000000000000000000000000000000000000000000000000000000000000000000000000000                          0000000000                                                                  000058
1021903727600017200000260206200016896                         00000000400734152850000000000000000000000000060218102126/400734100000000400734152850211021000000001000023700320  000000000008200000000000000000000000000000000000000000000000000000000000000000000000000000000000000000000000000000000                          0000000000                                                                  000059
1021903727600017200000260206200016896                         0000000040078175382P000000000000000000000000060218102126/40078170000000040078175382P211021000000004500023700140  000000000008200000000000000000000000000000000000000000000000000000000000000000000000000000000000000000000000000000000                          0000000000                                                                  000060
1021903727600017200000260206200016896                         00000000400790478904000000000000000000000000060218102126/400790400000000400790478904211021000000000800023700427  000000000000000000000000000000000000000000000000000000000000000000000000000000000000000000000000000000000000000000000                          0000000000                                                                  000061
1021903727600017200000260206200016896                         00000000400801454255000000000000000000000000060218102126/400801400000000400801454255211021000000000800023704159  000000000008200000000000000000000000000000000000000000000000000000000000000000000000000000000000000000000000000000000                          0000000000                                                                  000062
1021903727600017200000260206200016896                         00000000400843471958000000000000000000000000060218102126/400843400000000400843471958211021000000000810023702062  000000000008200000000000000000000000000000000000000000000000000000000000000000000000000000000000000000000000000000000                          0000000000                                                                  000063
1021903727600017200000260206200016896                         00000000400868373381000000000000000000000000060218102126/400868300000000400868373381211021000000000800023704159  000000000008200000000000000000000000000000000000000000000000000000000000000000000000000000000000000000000000000000000                          0000000000                                                                  000064
1021903727600017200000260206200016896                         00000000400868963103000000000000000000000000060218102126/400868900000000400868963103211021000000001690023704158  000000000008200000000000000000000000000000000000000000000000000000000000000000000000000000000000000000000000000000000                          0000000000                                                                  000065
1021903727600017200000260206200016896                         00000000400913020762000000000000000000000000060218102126/400913000000000400913020762211021000000000800023704159  000000000008200000000000000000000000000000000000000000000000000000000000000000000000000000000000000000000000000000000                          0000000000                                                                  000066
1021903727600017200000260206200016896                         0000000040093471425P000000000000000000000000060218102126/40093470000000040093471425P211021000000000800023704159  000000000008200000000000000000000000000000000000000000000000000000000000000000000000000000000000000000000000000000000                          0000000000                                                                  000067
1021903727600017200000260206200016896                         00000000400964384807000000000000000000000000060218102126/400964300000000400964384807211021000000000800023704159  000000000008200000000000000000000000000000000000000000000000000000000000000000000000000000000000000000000000000000000                          0000000000                                                                  000068
1021903727600017200000260206200016896                         00000000600220507004000000000000000000000000060218102126/600220500000000600220507004191021000000000219923704422  000000000008200000000000000000000000000000000000000000000000000000000000000000000000000000000000000000000000000000000                          0000000000                                                                  000069
1021903727600017200000260206200016896                         0000000060022984397P000000000000000000000000060218102126/60022980000000060022984397P211021000000000119923704400  000000000008200000000000000000000000000000000000000000000000000000000000000000000000000000000000000000000000000000000                          0000000000                                                                  000070
1021903727600017200000260206200016896                         00000000600549105950000000000000000000000000060218102126/600549100000000600549105950211021000000000119923704424  000000000008200000000000000000000000000000000000000000000000000000000000000000000000000000000000000000000000000000000                          0000000000                                                                  000071
1021903727600017200000260206200016896                         00000000600631657805000000000000000000000000060218102126/600631600000000600631657805201021000000000500023704602  000000000008200000000000000000000000000000000000000000000000000000000000000000000000000000000000000000000000000000000                          0000000000                                                                  000072
1021903727600017200000260206200016896                         00000000100031650111000000000000000000000000060618102126/100031600000000100031650111191021000000020583634106805  000000000000000000000000000000000000000000000000000000000000000000000000000000000000020583600000000000000000000000000   191021             00000000000000                                                                  000073
1021903727600017200000260206200016896                         00000000100031655458000000000000000000000000060618102126/100031600000000100031655458191021000000000686063300001  000000000000000000000000000000000000000000000000000000000000000000000000000000000000000686000000000000000000000000000   191021             00000000000000                                                                  000074
1021903727600017200000260206200016896                         00000000100031671925000000000000000000000000060618102126/100031600000000100031671925191021000000000539007700001  000000000000000000000000000000000000000000000000000000000000000000000000000000000000000539000000000000000000000000000   191021             00000000000000                                                                  000075
1021903727600017200000260206200016896                         00000000100031708837000000000000000000000000060618102126/100031700000000100031708837191021000000007891823702190  000000000000000000000000000000000000000000000000000000000000000000000000000000000000007891800000000000000000000000000   191021             00000000000000                                                                  000076
1021903727600017200000260206200016896                         00000000200191246524000000000000000000000000060618102126/200191200000000200191246524191021000000001000063300001  000000000000000000000000000000000000000000000000000000000000000000000000000000000000001000000000000000000000000000000   191021             00000000000000                                                                  000077
1021903727600017200000260206200016896                         00000000200776879840000000000000000000000000060618102126/200776800000000200776879840201021000000000215434104175  000000000000000000000000000000000000000000000000000000000000000000000000000000000000000215400000000000000000000000000   191021             00000000000000                                                                  000078
1021903727600017200000260206200016896                         00000000200844302115000000000000000000000000060618102126/200844300000000200844302115201021000000000481407700001  000000000000000000000000000000000000000000000000000000000000000000000000000000000000000481400000000000000000000000000   191021             00000000000000                                                                  000079
1021903727600017200000260206200016896                         00000000200961988966000000000000000000000000060618102126/200961900000000200961988966211021000000000119921200001  000000000000000000000000000000000000000000000000000000000000000000000000000000000000000119900000000000000000000000000   191021             00000000000000                                                                  000080
1021903727600017200000260206200016896                         00000000400143448939000000000000000000000000060618102126/400143400000000400143448939181021000000003720002100112  000000000000000000000000000000000000000000000000000000000000000000000000000000000000003720000000000000000000000000000   191021             00000000000000                                                                  000081
1021903727600017200000260206200016896                         00000000400157098744000000000000000000000000060618102126/400157000000000400157098744161021000000009170002100112  000000000000000000000000000000000000000000000000000000000000000000000000000000000000009170000000000000000000000000000   191021             00000000000000                                                                  000082
1021903727600017200000260206200016896                         00000000400165748847000000000000000000000000060618102126/400165700000000400165748847191021000000005360002100112  000000000000000000000000000000000000000000000000000000000000000000000000000000000000005360000000000000000000000000000   191021             00000000000000                                                                  000083
1021903727600017200000260206200016896                         00000000400209636634000000000000000000000000060618102126/400209600000000400209636634211021000000015000021200001  000000000000000000000000000000000000000000000000000000000000000000000000000000000000015000000000000000000000000000000   191021             00000000000000                                                                  000084
1021903727600017200000260206200016896                         00000000400225082924000000000000000000000000060618102126/400225000000000400225082924201021000000001000065500001  000000000000000000000000000000000000000000000000000000000000000000000000000000000000001000000000000000000000000000000   191021             00000000000000                                                                  000085
1021903727600017200000260206200016896                         00000000400260235253000000000000000000000000060618102126/400260200000000400260235253211021000000011950010400977  000000000000000000000000000000000000000000000000000000000000000000000000000000000000011950000000000000000000000000000   191021             00000000000000                                                                  000086
1021903727600017200000260206200016896                         00000000400331009063000000000000000000000000060618102126/400331000000000400331009063181021000000004850002100112  000000000000000000000000000000000000000000000000000000000000000000000000000000000000004850000000000000000000000000000   191021             00000000000000                                                                  000087
1021903727600017200000260206200016896                         00000000400403260475000000000000000000000000060618102126/400403200000000400403260475181021000000100000065500001  000000000000000000000000000000000000000000000000000000000000000000000000000000000000100000000000000000000000000000000   191021             00000000000000                                                                  000088
1021903727600017200000260206200016896                         0000000040040877311P000000000000000000000000060618102126/40040870000000040040877311P211021000000002000065500001  000000000000000000000000000000000000000000000000000000000000000000000000000000000000002000000000000000000000000000000   191021             00000000000000                                                                  000089
1021903727600017200000260206200016896                         0000000040043408053P000000000000000000000000060618102126/40043400000000040043408053P211021000000002000010404808  000000000000000000000000000000000000000000000000000000000000000000000000000000000000002000000000000000000000000000000   191021             00000000000000                                                                  000090
1021903727600017200000260206200016896                         00000000400461438365000000000000000000000000060618102126/400461400000000400461438365191021000000003000010403880  000000000000000000000000000000000000000000000000000000000000000000000000000000000000003000000000000000000000000000000   191021             00000000000000                                                                  000091
1021903727600017200000260206200016896                         0000000040049585340P000000000000000000000000060618102126/40049580000000040049585340P211021000000003100004100377  000000000000000000000000000000000000000000000000000000000000000000000000000000000000003100000000000000000000000000000   191021             00000000000000                                                                  000092
1021903727600017200000260206200016896                         00000000400505124134000000000000000000000000060618102126/400505100000000400505124134191021000000012000010400977  000000000000000000000000000000000000000000000000000000000000000000000000000000000000012000000000000000000000000000000   191021             00000000000000                                                                  000093
1021903727600017200000260206200016896                         00000000400509614098000000000000000000000000060618102126/400509600000000400509614098191021000000003000010402996  000000000000000000000000000000000000000000000000000000000000000000000000000000000000003000000000000000000000000000000   191021             00000000000000                                                                  000094
1021903727600017200000260206200016896                         0000000040051139514P000000000000000000000000060618102126/40051130000000040051139514P181021000000001500010403880  000000000000000000000000000000000000000000000000000000000000000000000000000000000000001500000000000000000000000000000   191021             00000000000000                                                                  000095
1021903727600017200000260206200016896                         00000000400535391617000000000000000000000000060618102126/400535300000000400535391617211021000000000800075604327  000000000000000000000000000000000000000000000000000000000000000000000000000000000000000800000000000000000000000000000   191021             00000000000000                                                                  000096
1021903727600017200000260206200016896                         00000000400563014993000000000000000000000000060618102126/400563000000000400563014993211021000000001000010404692  000000000000000000000000000000000000000000000000000000000000000000000000000000000000001000000000000000000000000000000   191021             00000000000000                                                                  000097
1021903727600017200000260206200016896                         00000000400565448559000000000000000000000000060618102126/400565400000000400565448559211021000000002000023700536  000000000000000000000000000000000000000000000000000000000000000000000000000000000000002000000000000000000000000000000   191021             00000000000000                                                                  000098
1021903727600017200000260206200016896                         00000000400566396811000000000000000000000000060618102126/400566300000000400566396811201021000000001100065500001  000000000000000000000000000000000000000000000000000000000000000000000000000000000000001100000000000000000000000000000   191021             00000000000000                                                                  000099
1021903727600017200000260206200016896                         00000000400574734092000000000000000000000000060618102126/400574700000000400574734092211021000000002300010401831  000000000000000000000000000000000000000000000000000000000000000000000000000000000000002300000000000000000000000000000   191021             00000000000000                                                                  000100
1021903727600017200000260206200016896                         00000000400605019079000000000000000000000000060618102126/400605000000000400605019079211021000000000800010400737  000000000000000000000000000000000000000000000000000000000000000000000000000000000000000800000000000000000000000000000   191021             00000000000000                                                                  000101
1021903727600017200000260206200016896                         00000000400607879148000000000000000000000000060618102126/400607800000000400607879148211021000000000800021200001  000000000000000000000000000000000000000000000000000000000000000000000000000000000000000800000000000000000000000000000   191021             00000000000000                                                                  000102
1021903727600017200000260206200016896                         00000000400618024365000000000000000000000000060618102126/400618000000000400618024365211021000000000800000103192  000000000000000000000000000000000000000000000000000000000000000000000000000000000000000800000000000000000000000000000   191021             00000000000000                                                                  000103
1021903727600017200000260206200016896                         0000000040064566452P000000000000000000000000060618102126/40064560000000040064566452P211021000000000820075604327  000000000000000000000000000000000000000000000000000000000000000000000000000000000000000820000000000000000000000000000   191021             00000000000000                                                                  000104
1021903727600017200000260206200016896                         00000000400666046125000000000000000000000000060618102126/400666000000000400666046125211021000000001800075604327  000000000000000000000000000000000000000000000000000000000000000000000000000000000000001800000000000000000000000000000   191021             00000000000000                                                                  000105
1021903727600017200000260206200016896                         00000000400668540453000000000000000000000000060618102126/400668500000000400668540453211021000000000830075604327  000000000000000000000000000000000000000000000000000000000000000000000000000000000000000830000000000000000000000000000   191021             00000000000000                                                                  000106
1021903727600017200000260206200016896                         00000000400703636582000000000000000000000000060618102126/400703600000000400703636582211021000000003000075604327  000000000000000000000000000000000000000000000000000000000000000000000000000000000000003000000000000000000000000000000   191021             00000000000000                                                                  000107
1021903727600017200000260206200016896                         00000000400726185847000000000000000000000000060618102126/400726100000000400726185847211021000000002000074801260  000000000000000000000000000000000000000000000000000000000000000000000000000000000000002000000000000000000000000000000   191021             00000000000000                                                                  000108
1021903727600017200000260206200016896                         0000000040078175382P000000000000000000000000060618102126/40078170000000040078175382P211021000000004500075604327  000000000000000000000000000000000000000000000000000000000000000000000000000000000000004500000000000000000000000000000   191021             00000000000000                                                                  000109
1021903727600017200000260206200016896                         00000000400843471958000000000000000000000000060618102126/400843400000000400843471958211021000000000810075604327  000000000000000000000000000000000000000000000000000000000000000000000000000000000000000810000000000000000000000000000   191021             00000000000000                                                                  000110
1021903727600017200000260206200016896                         00000000400868963103000000000000000000000000060618102126/400868900000000400868963103211021000000001690000102020  000000000000000000000000000000000000000000000000000000000000000000000000000000000000001690000000000000000000000000000   191021             00000000000000                                                                  000111
1021903727600017200000260206200016896                         00000000200435727295000000000000000000000000061018102126/200435700000000200435727295180821000000000049923700000  000000000000000000000000000000000000000000000000000000000000000000000000000000000000000000000000000000000000000000000                          1600000000                                                                  000112
1021903727600017200000260206200016896                         00000000200551950201000000000000000000000000061018102126/200551900000000200551950201160821000000000308823700000  000000000000000000000000000000000000000000000000000000000000000000000000000000000000000000000000000000000000000000000                          1600000000                                                                  000113
1021903727600017200000260206200016896                         0000000020064042985P000000000000000000000000061018102126/20064040000000020064042985P180821000000000069923700000  000000000000000000000000000000000000000000000000000000000000000000000000000000000000000000000000000000000000000000000                          1600000000                                                                  000114
1021903727600017200000260206200016896                         00000000200808517164000000000000000000000000061018102126/200808500000000200808517164160821000000000319923700000  000000000000000000000000000000000000000000000000000000000000000000000000000000000000000000000000000000000000000000000                          1600000000                                                                  000115
1021903727600017200000260206200016896                         00000000400330930159000000000000000000000000061018102126/400330900000000400330930159160821000000005000023700000  000000000000000000000000000000000000000000000000000000000000000000000000000000000000000000000000000000000000000000000                          1600000000                                                                  000116
1021903727600017200000260206200016896                         00000000400471002549000000000000000000000000061018102126/400471000000000400471002549180821000000000800023700000  000000000000000000000000000000000000000000000000000000000000000000000000000000000000000000000000000000000000000000000                          1600000000                                                                  000117
1021903727600017200000260206200016896                         00000000400559817828000000000000000000000000061018102126/400559800000000400559817828170821000000000800023700000  000000000000000000000000000000000000000000000000000000000000000000000000000000000000000000000000000000000000000000000                          1600000000                                                                  000118
1021903727600017200000260206200016896                         00000000400610555558000000000000000000000000061018102126/400610500000000400610555558160821000000012000023700000  000000000000000000000000000000000000000000000000000000000000000000000000000000000000000000000000000000000000000000000                          1600000000                                                                  000119
1021903727600017200000260206200016896                         00000000400617888757000000000000000000000000061018102126/400617800000000400617888757170821000000000800023700000  000000000000000000000000000000000000000000000000000000000000000000000000000000000000000000000000000000000000000000000                          1600000000                                                                  000120
1021903727600017200000260206200016896                         00000000400634479488000000000000000000000000061018102126/400634400000000400634479488170821000000000800023700000  000000000000000000000000000000000000000000000000000000000000000000000000000000000000000000000000000000000000000000000                          1600000000                                                                  000121
1021903727600017200000260206200016896                         0000000040068574447P000000000000000000000000061018102126/40068570000000040068574447P180821000000000800023700000  000000000000000000000000000000000000000000000000000000000000000000000000000000000000000000000000000000000000000000000                          1600000000                                                                  000122
1021903727600017200000260206200016896                         0000000040071848309P000000000000000000000000061018102126/40071840000000040071848309P170821000000000800023700000  000000000000000000000000000000000000000000000000000000000000000000000000000000000000000000000000000000000000000000000                          1600000000                                                                  000123
1021903727600017200000260206200016896                         00000000400776391960000000000000000000000000061018102126/400776300000000400776391960180821000000000800023700000  000000000000000000000000000000000000000000000000000000000000000000000000000000000000000000000000000000000000000000000                          1600000000                                                                  000124
1021903727600017200000260206200016896                         00000000400778628682000000000000000000000000061018102126/400778600000000400778628682160821000000000800023700000  000000000000000000000000000000000000000000000000000000000000000000000000000000000000000000000000000000000000000000000                          1600000000                                                                  000125
1021903727600017200000260206200016896                         00000000400809101874000000000000000000000000061018102126/400809100000000400809101874170821000000000800023700000  000000000000000000000000000000000000000000000000000000000000000000000000000000000000000000000000000000000000000000000                          1600000000                                                                  000126
1021903727600017200000260206200016896                         00000000400919126546000000000000000000000000061018102126/400919100000000400919126546170821000000000800023700000  000000000000000000000000000000000000000000000000000000000000000000000000000000000000000000000000000000000000000000000                          1600000000                                                                  000127
1021903727600017200000260206200016896                         00000000600300685035000000000000000000000000061018102126/600300600000000600300685035180821000000000109923700000  000000000000000000000000000000000000000000000000000000000000000000000000000000000000000000000000000000000000000000000                          1600000000                                                                  000128
9201237          000006420000001719085500000789          00071000001477940000002342171000390000023421710001700000025858400000000000000000000000000000000000000000000000000000000000000000000                                                                                                                                                                              00000000000000000000000         000129
