02RETORNO01COBRANCA       00000000000005034448E-PREPAG ADMINISTRADORA DE CAR237BRADESCO       1908210160000000749                                                                                                                                                                                                                                                                          200821         000001
1021903727600017200000260206200016896                         00000000100031119998000000000000000000000000060219082126/100031100000000100031119998190821000000001235023704400  000000000008200000000000000000000000000000000000000000000000000000000000000000000000000000000000000000000000000000000                          0000000000                                                                  000002
1021903727600017200000260206200016896                         00000000100031119998000000000000000000000000060619082126/100031100000000100031119998190821000000001235010400680  000000000000000000000000000000000000000000000000000000000000000000000000000000000000001235000000000000000000000000000   200821             00000000000000                                                                  000003
1021903727600017200000260206200016896                         0000000040015959918P000000000000000000000000060619082126/40015950000000040015959918P150821000000002510010400422  000000000000000000000000000000000000000000000000000000000000000000000000000000000000002510000000000000000000000000000   200821             00000000000000                                                                  000004
1021903727600017200000260206200016896                         00000000200219726489000000000000000000000000061019082126/200219700000000200219726489190621000000000319923700000  000000000000000000000000000000000000000000000000000000000000000000000000000000000000000000000000000000000000000000000                          1600000000                                                                  000005
1021903727600017200000260206200016896                         00000000200222660545000000000000000000000000061019082126/200222600000000200222660545190621000000001046823700000  000000000000000000000000000000000000000000000000000000000000000000000000000000000000000000000000000000000000000000000                          1600000000                                                                  000006
1021903727600017200000260206200016896                         0000000020059545435P000000000000000000000000061019082126/20059540000000020059545435P190621000000000504023700000  000000000000000000000000000000000000000000000000000000000000000000000000000000000000000000000000000000000000000000000                          1600000000                                                                  000007
1021903727600017200000260206200016896                         00000000200669454675000000000000000000000000061019082126/200669400000000200669454675190621000000000119923700000  000000000000000000000000000000000000000000000000000000000000000000000000000000000000000000000000000000000000000000000                          1600000000                                                                  000008
1021903727600017200000260206200016896                         00000000200936654409000000000000000000000000061019082126/200936600000000200936654409190621000000000119823700000  000000000000000000000000000000000000000000000000000000000000000000000000000000000000000000000000000000000000000000000                          1600000000                                                                  000009
1021903727600017200000260206200016896                         00000000400254555297000000000000000000000000061019082126/400254500000000400254555297190621000000002000023700000  000000000000000000000000000000000000000000000000000000000000000000000000000000000000000000000000000000000000000000000                          1600000000                                                                  000010
1021903727600017200000260206200016896                         00000000400319108730000000000000000000000000061019082126/400319100000000400319108730190621000000008060023700000  000000000000000000000000000000000000000000000000000000000000000000000000000000000000000000000000000000000000000000000                          1600000000                                                                  000011
1021903727600017200000260206200016896                         00000000400910531766000000000000000000000000061019082126/400910500000000400910531766190621000000002000023700000  000000000000000000000000000000000000000000000000000000000000000000000000000000000000000000000000000000000000000000000                          1600000000                                                                  000012
9201237          000004850000001021533400000749          00001000000012350000000037450000020000000374500000800000014170400000000000000000000000000000000000000000000000000000000000000000000                                                                                                                                                                              00000000000000000000000         000013
