02RETORNO01COBRANCA       00000000000005034448E-PREPAG ADMINISTRADORA DE CAR237BRADESCO       1911210160000000811                                                                                                                                                                                                                                                                          221121         000001
1021903727600017200000260206200016896                         00000000200271942688000000000000000000000000060219112126/200271900000000200271942688221121000000000219923700153  000000000008200000000000000000000000000000000000000000000000000000000000000000000000000000000000000000000000000000000                          0000000000                                                                  000002
1021903727600017200000260206200016896                         00000000200975666333000000000000000000000000060219112126/200975600000000200975666333221121000000000556323704452  000000000008200000000000000000000000000000000000000000000000000000000000000000000000000000000000000000000000000000000                          0000000000                                                                  000003
1021903727600017200000260206200016896                         00000000400032033373000000000000000000000000060219112126/400032000000000400032033373221121000000005000023704159  000000000008200000000000000000000000000000000000000000000000000000000000000000000000000000000000000000000000000000000                          0000000000                                                                  000004
1021903727600017200000260206200016896                         00000000400153808887000000000000000000000000060219112126/400153800000000400153808887221121000000000800023704159  000000000008200000000000000000000000000000000000000000000000000000000000000000000000000000000000000000000000000000000                          0000000000                                                                  000005
1021903727600017200000260206200016896                         00000000400186190951000000000000000000000000060219112126/400186100000000400186190951221121000000000800023704159  000000000008200000000000000000000000000000000000000000000000000000000000000000000000000000000000000000000000000000000                          0000000000                                                                  000006
1021903727600017200000260206200016896                         00000000400237293009000000000000000000000000060219112126/400237200000000400237293009221121000000001860023704426  000000000008200000000000000000000000000000000000000000000000000000000000000000000000000000000000000000000000000000000                          0000000000                                                                  000007
1021903727600017200000260206200016896                         00000000400250308864000000000000000000000000060219112126/400250300000000400250308864221121000000003000023704152  000000000008200000000000000000000000000000000000000000000000000000000000000000000000000000000000000000000000000000000                          0000000000                                                                  000008
1021903727600017200000260206200016896                         00000000400261300296000000000000000000000000060219112126/400261300000000400261300296221121000000002000023704143  000000000008200000000000000000000000000000000000000000000000000000000000000000000000000000000000000000000000000000000                          0000000000                                                                  000009
1021903727600017200000260206200016896                         00000000400281451711000000000000000000000000060219112126/400281400000000400281451711221121000000000800023704424  000000000000000000000000000000000000000000000000000000000000000000000000000000000000000000000000000000000000000000000                          7600000000                                                                  000010
1021903727600017200000260206200016896                         00000000400307999524000000000000000000000000060219112126/400307900000000400307999524221121000000000800023704159  000000000008200000000000000000000000000000000000000000000000000000000000000000000000000000000000000000000000000000000                          0000000000                                                                  000011
1021903727600017200000260206200016896                         00000000400330822593000000000000000000000000060219112126/400330800000000400330822593221121000000000800023704159  000000000008200000000000000000000000000000000000000000000000000000000000000000000000000000000000000000000000000000000                          0000000000                                                                  000012
1021903727600017200000260206200016896                         00000000400338853161000000000000000000000000060219112126/400338800000000400338853161221121000000000820023702062  000000000008200000000000000000000000000000000000000000000000000000000000000000000000000000000000000000000000000000000                          0000000000                                                                  000013
1021903727600017200000260206200016896                         00000000400346149694000000000000000000000000060219112126/400346100000000400346149694221121000000000800023704159  000000000008200000000000000000000000000000000000000000000000000000000000000000000000000000000000000000000000000000000                          0000000000                                                                  000014
1021903727600017200000260206200016896                         00000000400355393131000000000000000000000000060219112126/400355300000000400355393131221121000000001200023704400  000000000008200000000000000000000000000000000000000000000000000000000000000000000000000000000000000000000000000000000                          7600000000                                                                  000015
1021903727600017200000260206200016896                         00000000400375220136000000000000000000000000060219112126/400375200000000400375220136221121000000000800023704151  000000000008200000000000000000000000000000000000000000000000000000000000000000000000000000000000000000000000000000000                          0000000000                                                                  000016
1021903727600017200000260206200016896                         00000000400410100599000000000000000000000000060219112126/400410100000000400410100599221121000000005000023704143  000000000008200000000000000000000000000000000000000000000000000000000000000000000000000000000000000000000000000000000                          0000000000                                                                  000017
1021903727600017200000260206200016896                         0000000040047859820P000000000000000000000000060219112126/40047850000000040047859820P221121000000001700023700140  000000000008200000000000000000000000000000000000000000000000000000000000000000000000000000000000000000000000000000000                          0000000000                                                                  000018
1021903727600017200000260206200016896                         00000000400513380840000000000000000000000000060219112126/400513300000000400513380840221121000000000800023704159  000000000008200000000000000000000000000000000000000000000000000000000000000000000000000000000000000000000000000000000                          0000000000                                                                  000019
1021903727600017200000260206200016896                         00000000400542086951000000000000000000000000060219112126/400542000000000400542086951221121000000005000023700140  000000000008200000000000000000000000000000000000000000000000000000000000000000000000000000000000000000000000000000000                          0000000000                                                                  000020
1021903727600017200000260206200016896                         00000000400572063425000000000000000000000000060219112126/400572000000000400572063425221121000000002000023704143  000000000008200000000000000000000000000000000000000000000000000000000000000000000000000000000000000000000000000000000                          7600000000                                                                  000021
1021903727600017200000260206200016896                         00000000400603635090000000000000000000000000060219112126/400603600000000400603635090221121000000006990023704157  000000000008200000000000000000000000000000000000000000000000000000000000000000000000000000000000000000000000000000000                          0000000000                                                                  000022
1021903727600017200000260206200016896                         00000000400630167732000000000000000000000000060219112126/400630100000000400630167732221121000000004000023702062  000000000008200000000000000000000000000000000000000000000000000000000000000000000000000000000000000000000000000000000                          0000000000                                                                  000023
1021903727600017200000260206200016896                         00000000400651630793000000000000000000000000060219112126/400651600000000400651630793221121000000000800023704159  000000000008200000000000000000000000000000000000000000000000000000000000000000000000000000000000000000000000000000000                          0000000000                                                                  000024
1021903727600017200000260206200016896                         00000000400654357397000000000000000000000000060219112126/400654300000000400654357397221121000000000800023704159  000000000008200000000000000000000000000000000000000000000000000000000000000000000000000000000000000000000000000000000                          0000000000                                                                  000025
1021903727600017200000260206200016896                         0000000040065506105P000000000000000000000000060219112126/40065500000000040065506105P221121000000007500023700153  000000000008200000000000000000000000000000000000000000000000000000000000000000000000000000000000000000000000000000000                          0000000000                                                                  000026
1021903727600017200000260206200016896                         00000000400659269720000000000000000000000000060219112126/400659200000000400659269720221121000000000800023704159  000000000008200000000000000000000000000000000000000000000000000000000000000000000000000000000000000000000000000000000                          0000000000                                                                  000027
1021903727600017200000260206200016896                         00000000400664405276000000000000000000000000060219112126/400664400000000400664405276221121000000000800023702062  000000000008200000000000000000000000000000000000000000000000000000000000000000000000000000000000000000000000000000000                          0000000000                                                                  000028
1021903727600017200000260206200016896                         00000000400668058783000000000000000000000000060219112126/400668000000000400668058783221121000000007500023702062  000000000008200000000000000000000000000000000000000000000000000000000000000000000000000000000000000000000000000000000                          0000000000                                                                  000029
1021903727600017200000260206200016896                         00000000400676857318000000000000000000000000060219112126/400676800000000400676857318221121000000001200023704426  000000000008200000000000000000000000000000000000000000000000000000000000000000000000000000000000000000000000000000000                          0000000000                                                                  000030
1021903727600017200000260206200016896                         00000000400684179396000000000000000000000000060219112126/400684100000000400684179396221121000000011000023704157  000000000008200000000000000000000000000000000000000000000000000000000000000000000000000000000000000000000000000000000                          0000000000                                                                  000031
1021903727600017200000260206200016896                         00000000400692942120000000000000000000000000060219112126/400692900000000400692942120221121000000000800023704159  000000000008200000000000000000000000000000000000000000000000000000000000000000000000000000000000000000000000000000000                          0000000000                                                                  000032
1021903727600017200000260206200016896                         00000000400712673296000000000000000000000000060219112126/400712600000000400712673296221121000000007300023704424  000000000008200000000000000000000000000000000000000000000000000000000000000000000000000000000000000000000000000000000                          0000000000                                                                  000033
1021903727600017200000260206200016896                         00000000400720274074000000000000000000000000060219112126/400720200000000400720274074221121000000000800023704159  000000000008200000000000000000000000000000000000000000000000000000000000000000000000000000000000000000000000000000000                          0000000000                                                                  000034
1021903727600017200000260206200016896                         0000000040072810366P000000000000000000000000060219112126/40072810000000040072810366P221121000000001410023700140  000000000008200000000000000000000000000000000000000000000000000000000000000000000000000000000000000000000000000000000                          0000000000                                                                  000035
1021903727600017200000260206200016896                         00000000400728966455000000000000000000000000060219112126/400728900000000400728966455221121000000150000023704428  000000000008200000000000000000000000000000000000000000000000000000000000000000000000000000000000000000000000000000000                          7600000000                                                                  000036
1021903727600017200000260206200016896                         00000000400772223605000000000000000000000000060219112126/400772200000000400772223605221121000000000800023704159  000000000008200000000000000000000000000000000000000000000000000000000000000000000000000000000000000000000000000000000                          0000000000                                                                  000037
1021903727600017200000260206200016896                         00000000400773931158000000000000000000000000060219112126/400773900000000400773931158221121000000000800023704159  000000000008200000000000000000000000000000000000000000000000000000000000000000000000000000000000000000000000000000000                          0000000000                                                                  000038
1021903727600017200000260206200016896                         00000000400777115991000000000000000000000000060219112126/400777100000000400777115991221121000000012000023704151  000000000008200000000000000000000000000000000000000000000000000000000000000000000000000000000000000000000000000000000                          0000000000                                                                  000039
1021903727600017200000260206200016896                         00000000400799182684000000000000000000000000060219112126/400799100000000400799182684221121000000000800023704159  000000000008200000000000000000000000000000000000000000000000000000000000000000000000000000000000000000000000000000000                          0000000000                                                                  000040
1021903727600017200000260206200016896                         0000000040082126231P000000000000000000000000060219112126/40082120000000040082126231P221121000000000810023702062  000000000008200000000000000000000000000000000000000000000000000000000000000000000000000000000000000000000000000000000                          0000000000                                                                  000041
1021903727600017200000260206200016896                         00000000400854062790000000000000000000000000060219112126/400854000000000400854062790221121000000002400023704152  000000000008200000000000000000000000000000000000000000000000000000000000000000000000000000000000000000000000000000000                          0000000000                                                                  000042
1021903727600017200000260206200016896                         00000000400858563212000000000000000000000000060219112126/400858500000000400858563212221121000000001500023704426  000000000008200000000000000000000000000000000000000000000000000000000000000000000000000000000000000000000000000000000                          0000000000                                                                  000043
1021903727600017200000260206200016896                         00000000400865678424000000000000000000000000060219112126/400865600000000400865678424221121000000002100023704159  000000000008200000000000000000000000000000000000000000000000000000000000000000000000000000000000000000000000000000000                          0000000000                                                                  000044
1021903727600017200000260206200016896                         00000000400925496428000000000000000000000000060219112126/400925400000000400925496428221121000000006000023704157  000000000008200000000000000000000000000000000000000000000000000000000000000000000000000000000000000000000000000000000                          0000000000                                                                  000045
1021903727600017200000260206200016896                         00000000400935216377000000000000000000000000060219112126/400935200000000400935216377221121000000000830023702062  000000000008200000000000000000000000000000000000000000000000000000000000000000000000000000000000000000000000000000000                          0000000000                                                                  000046
1021903727600017200000260206200016896                         00000000400938523289000000000000000000000000060219112126/400938500000000400938523289221121000000000800023704159  000000000008200000000000000000000000000000000000000000000000000000000000000000000000000000000000000000000000000000000                          0000000000                                                                  000047
1021903727600017200000260206200016896                         00000000200271942688000000000000000000000000060619112126/200271900000000200271942688221121000000000219900102290  000000000000000000000000000000000000000000000000000000000000000000000000000000000000000219900000000000000000000000000   221121             00000000000000                                                                  000048
1021903727600017200000260206200016896                         00000000200799145305000000000000000000000000060619112126/200799100000000200799145305211121000000000295834109134  000000000000000000000000000000000000000000000000000000000000000000000000000000000000000295800000000000000000000000000   221121             00000000000000                                                                  000049
1021903727600017200000260206200016896                         00000000200855647696000000000000000000000000060619112126/200855600000000200855647696211121000000000497610402519  000000000000000000000000000000000000000000000000000000000000000000000000000000000000000497600000000000000000000000000   221121             00000000000000                                                                  000050
1021903727600017200000260206200016896                         00000000200975666333000000000000000000000000060619112126/200975600000000200975666333221121000000000556307700001  000000000000000000000000000000000000000000000000000000000000000000000000000000000000000556300000000000000000000000000   221121             00000000000000                                                                  000051
1021903727600017200000260206200016896                         00000000400032033373000000000000000000000000060619112126/400032000000000400032033373221121000000005000000100922  000000000000000000000000000000000000000000000000000000000000000000000000000000000000005000000000000000000000000000000   221121             00000000000000                                                                  000052
1021903727600017200000260206200016896                         00000000400153808887000000000000000000000000060619112126/400153800000000400153808887221121000000000800065500001  000000000000000000000000000000000000000000000000000000000000000000000000000000000000000800000000000000000000000000000   221121             00000000000000                                                                  000053
1021903727600017200000260206200016896                         00000000400186190951000000000000000000000000060619112126/400186100000000400186190951221121000000000800065500001  000000000000000000000000000000000000000000000000000000000000000000000000000000000000000800000000000000000000000000000   221121             00000000000000                                                                  000054
1021903727600017200000260206200016896                         00000000400237293009000000000000000000000000060619112126/400237200000000400237293009221121000000001860004100377  000000000000000000000000000000000000000000000000000000000000000000000000000000000000001860000000000000000000000000000   221121             00000000000000                                                                  000055
1021903727600017200000260206200016896                         00000000400250308864000000000000000000000000060619112126/400250300000000400250308864221121000000003000023700536  000000000000000000000000000000000000000000000000000000000000000000000000000000000000003000000000000000000000000000000   221121             00000000000000                                                                  000056
1021903727600017200000260206200016896                         00000000400261300296000000000000000000000000060619112126/400261300000000400261300296221121000000002000008501037  000000000000000000000000000000000000000000000000000000000000000000000000000000000000002000000000000000000000000000000   221121             00000000000000                                                                  000057
1021903727600017200000260206200016896                         00000000400307999524000000000000000000000000060619112126/400307900000000400307999524221121000000000800065500001  000000000000000000000000000000000000000000000000000000000000000000000000000000000000000800000000000000000000000000000   221121             00000000000000                                                                  000058
1021903727600017200000260206200016896                         00000000400330822593000000000000000000000000060619112126/400330800000000400330822593221121000000000800065500001  000000000000000000000000000000000000000000000000000000000000000000000000000000000000000800000000000000000000000000000   221121             00000000000000                                                                  000059
1021903727600017200000260206200016896                         00000000400338853161000000000000000000000000060619112126/400338800000000400338853161221121000000000820075604327  000000000000000000000000000000000000000000000000000000000000000000000000000000000000000820000000000000000000000000000   221121             00000000000000                                                                  000060
1021903727600017200000260206200016896                         00000000400346149694000000000000000000000000060619112126/400346100000000400346149694221121000000000800065500001  000000000000000000000000000000000000000000000000000000000000000000000000000000000000000800000000000000000000000000000   221121             00000000000000                                                                  000061
1021903727600017200000260206200016896                         00000000400355393131000000000000000000000000060619112126/400355300000000400355393131221121000000001200034104842  000000000000000000000000000000000000000000000000000000000000000000000000000000000000001200000000000000000000000000000   221121             00000000000000                                                                  000062
1021903727600017200000260206200016896                         00000000400375220136000000000000000000000000060619112126/400375200000000400375220136221121000000000800063300001  000000000000000000000000000000000000000000000000000000000000000000000000000000000000000800000000000000000000000000000   221121             00000000000000                                                                  000063
1021903727600017200000260206200016896                         00000000400410100599000000000000000000000000060619112126/400410100000000400410100599221121000000005000010400627  000000000000000000000000000000000000000000000000000000000000000000000000000000000000005000000000000000000000000000000   221121             00000000000000                                                                  000064
1021903727600017200000260206200016896                         0000000040047859820P000000000000000000000000060619112126/40047850000000040047859820P221121000000001700075604327  000000000000000000000000000000000000000000000000000000000000000000000000000000000000001700000000000000000000000000000   221121             00000000000000                                                                  000065
1021903727600017200000260206200016896                         00000000400513380840000000000000000000000000060619112126/400513300000000400513380840221121000000000800065500001  000000000000000000000000000000000000000000000000000000000000000000000000000000000000000800000000000000000000000000000   221121             00000000000000                                                                  000066
1021903727600017200000260206200016896                         00000000400513936768000000000000000000000000060619112126/400513900000000400513936768191121000000000800075604327  000000000000000000000000000000000000000000000000000000000000000000000000000000000000000800000000000000000000000000000   221121             00000000000000                                                                  000067
1021903727600017200000260206200016896                         00000000400542086951000000000000000000000000060619112126/400542000000000400542086951221121000000005000075604327  000000000000000000000000000000000000000000000000000000000000000000000000000000000000005000000000000000000000000000000   221121             00000000000000                                                                  000068
1021903727600017200000260206200016896                         00000000400572063425000000000000000000000000060619112126/400572000000000400572063425221121000000002000023702151  000000000000000000000000000000000000000000000000000000000000000000000000000000000000002000000000000000000000000000000   221121             00000000000000                                                                  000069
1021903727600017200000260206200016896                         00000000400603635090000000000000000000000000060619112126/400603600000000400603635090221121000000006990023703929  000000000000000000000000000000000000000000000000000000000000000000000000000000000000006990000000000000000000000000000   221121             00000000000000                                                                  000070
1021903727600017200000260206200016896                         00000000400610987148000000000000000000000000060619112126/400610900000000400610987148191121000000002220023700332  000000000000000000000000000000000000000000000000000000000000000000000000000000000000002220000000000000000000000000000   221121             00000000000000                                                                  000071
1021903727600017200000260206200016896                         00000000400630167732000000000000000000000000060619112126/400630100000000400630167732221121000000004000063300001  000000000000000000000000000000000000000000000000000000000000000000000000000000000000004000000000000000000000000000000   221121             00000000000000                                                                  000072
1021903727600017200000260206200016896                         00000000400651630793000000000000000000000000060619112126/400651600000000400651630793221121000000000800065500001  000000000000000000000000000000000000000000000000000000000000000000000000000000000000000800000000000000000000000000000   221121             00000000000000                                                                  000073
1021903727600017200000260206200016896                         00000000400654357397000000000000000000000000060619112126/400654300000000400654357397221121000000000800065500001  000000000000000000000000000000000000000000000000000000000000000000000000000000000000000800000000000000000000000000000   221121             00000000000000                                                                  000074
1021903727600017200000260206200016896                         0000000040065506105P000000000000000000000000060619112126/40065500000000040065506105P221121000000007500023705889  000000000000000000000000000000000000000000000000000000000000000000000000000000000000007500000000000000000000000000000   221121             00000000000000                                                                  000075
1021903727600017200000260206200016896                         00000000400659269720000000000000000000000000060619112126/400659200000000400659269720221121000000000800065500001  000000000000000000000000000000000000000000000000000000000000000000000000000000000000000800000000000000000000000000000   221121             00000000000000                                                                  000076
1021903727600017200000260206200016896                         00000000400664405276000000000000000000000000060619112126/400664400000000400664405276221121000000000800075604327  000000000000000000000000000000000000000000000000000000000000000000000000000000000000000800000000000000000000000000000   221121             00000000000000                                                                  000077
1021903727600017200000260206200016896                         00000000400676857318000000000000000000000000060619112126/400676800000000400676857318221121000000001200010403711  000000000000000000000000000000000000000000000000000000000000000000000000000000000000001200000000000000000000000000000   221121             00000000000000                                                                  000078
1021903727600017200000260206200016896                         00000000400684179396000000000000000000000000060619112126/400684100000000400684179396221121000000011000010400389  000000000000000000000000000000000000000000000000000000000000000000000000000000000000011000000000000000000000000000000   221121             00000000000000                                                                  000079
1021903727600017200000260206200016896                         00000000400692942120000000000000000000000000060619112126/400692900000000400692942120221121000000000800065500001  000000000000000000000000000000000000000000000000000000000000000000000000000000000000000800000000000000000000000000000   221121             00000000000000                                                                  000080
1021903727600017200000260206200016896                         00000000400720274074000000000000000000000000060619112126/400720200000000400720274074221121000000000800065500001  000000000000000000000000000000000000000000000000000000000000000000000000000000000000000800000000000000000000000000000   221121             00000000000000                                                                  000081
1021903727600017200000260206200016896                         0000000040072810366P000000000000000000000000060619112126/40072810000000040072810366P221121000000001410010403136  000000000000000000000000000000000000000000000000000000000000000000000000000000000000001410000000000000000000000000000   221121             00000000000000                                                                  000082
1021903727600017200000260206200016896                         00000000400728966455000000000000000000000000060619112126/400728900000000400728966455221121000000150000000103478  000000000000000000000000000000000000000000000000000000000000000000000000000000000000150000000000000000000000000000000   221121             00000000000000                                                                  000083
1021903727600017200000260206200016896                         00000000400772223605000000000000000000000000060619112126/400772200000000400772223605221121000000000800065500001  000000000000000000000000000000000000000000000000000000000000000000000000000000000000000800000000000000000000000000000   221121             00000000000000                                                                  000084
1021903727600017200000260206200016896                         00000000400773931158000000000000000000000000060619112126/400773900000000400773931158221121000000000800065500001  000000000000000000000000000000000000000000000000000000000000000000000000000000000000000800000000000000000000000000000   221121             00000000000000                                                                  000085
1021903727600017200000260206200016896                         00000000400777115991000000000000000000000000060619112126/400777100000000400777115991221121000000012000010400977  000000000000000000000000000000000000000000000000000000000000000000000000000000000000012000000000000000000000000000000   221121             00000000000000                                                                  000086
1021903727600017200000260206200016896                         00000000400799182684000000000000000000000000060619112126/400799100000000400799182684221121000000000800065500001  000000000000000000000000000000000000000000000000000000000000000000000000000000000000000800000000000000000000000000000   221121             00000000000000                                                                  000087
1021903727600017200000260206200016896                         0000000040082126231P000000000000000000000000060619112126/40082120000000040082126231P221121000000000810075604327  000000000000000000000000000000000000000000000000000000000000000000000000000000000000000810000000000000000000000000000   221121             00000000000000                                                                  000088
1021903727600017200000260206200016896                         00000000400854062790000000000000000000000000060619112126/400854000000000400854062790221121000000002400063300001  000000000000000000000000000000000000000000000000000000000000000000000000000000000000002400000000000000000000000000000   221121             00000000000000                                                                  000089
1021903727600017200000260206200016896                         00000000400858563212000000000000000000000000060619112126/400858500000000400858563212221121000000001500019700001  000000000000000000000000000000000000000000000000000000000000000000000000000000000000001500000000000000000000000000000   221121             00000000000000                                                                  000090
1021903727600017200000260206200016896                         00000000400865678424000000000000000000000000060619112126/400865600000000400865678424221121000000002100075604327  000000000000000000000000000000000000000000000000000000000000000000000000000000000000002100000000000000000000000000000   221121             00000000000000                                                                  000091
1021903727600017200000260206200016896                         00000000400925326719000000000000000000000000060619112126/400925300000000400925326719211121000000001150075601396  000000000000000000000000000000000000000000000000000000000000000000000000000000000000001150000000000000000000000000000   221121             00000000000000                                                                  000092
1021903727600017200000260206200016896                         00000000400925496428000000000000000000000000060619112126/400925400000000400925496428221121000000006000026000001  000000000000000000000000000000000000000000000000000000000000000000000000000000000000006000000000000000000000000000000   221121             00000000000000                                                                  000093
1021903727600017200000260206200016896                         00000000400935216377000000000000000000000000060619112126/400935200000000400935216377221121000000000830075604327  000000000000000000000000000000000000000000000000000000000000000000000000000000000000000830000000000000000000000000000   221121             00000000000000                                                                  000094
1021903727600017200000260206200016896                         00000000400938523289000000000000000000000000060619112126/400938500000000400938523289221121000000000800065500001  000000000000000000000000000000000000000000000000000000000000000000000000000000000000000800000000000000000000000000000   221121             00000000000000                                                                  000095
1021903727600017200000260206200016896                         00000000400985138776000000000000000000000000060619112126/400985100000000400985138776211121000000010000023705304  000000000000000000000000000000000000000000000000000000000000000000000000000000000000010000000000000000000000000000000   221121             00000000000000                                                                  000096
1021903727600017200000260206200016896                         00000000200108466976000000000000000000000000061019112126/200108400000000200108466976190921000000000049923700000  000000000000000000000000000000000000000000000000000000000000000000000000000000000000000000000000000000000000000000000                          1600000000                                                                  000097
1021903727600017200000260206200016896                         00000000200385439811000000000000000000000000061019112126/200385400000000200385439811190921000000000490723700000  000000000000000000000000000000000000000000000000000000000000000000000000000000000000000000000000000000000000000000000                          1600000000                                                                  000098
1021903727600017200000260206200016896                         00000000200385775153000000000000000000000000061019112126/200385700000000200385775153190921000000002000023700000  000000000000000000000000000000000000000000000000000000000000000000000000000000000000000000000000000000000000000000000                          1600000000                                                                  000099
1021903727600017200000260206200016896                         00000000200509559381000000000000000000000000061019112126/200509500000000200509559381190921000000000049923700000  000000000000000000000000000000000000000000000000000000000000000000000000000000000000000000000000000000000000000000000                          1600000000                                                                  000100
1021903727600017200000260206200016896                         00000000200577759836000000000000000000000000061019112126/200577700000000200577759836190921000000000049923700000  000000000000000000000000000000000000000000000000000000000000000000000000000000000000000000000000000000000000000000000                          1600000000                                                                  000101
1021903727600017200000260206200016896                         00000000200705410361000000000000000000000000061019112126/200705400000000200705410361190921000000000269923700000  000000000000000000000000000000000000000000000000000000000000000000000000000000000000000000000000000000000000000000000                          1600000000                                                                  000102
1021903727600017200000260206200016896                         00000000200832280876000000000000000000000000061019112126/200832200000000200832280876190921000000000309923700000  000000000000000000000000000000000000000000000000000000000000000000000000000000000000000000000000000000000000000000000                          1600000000                                                                  000103
1021903727600017200000260206200016896                         00000000400182087862000000000000000000000000061019112126/400182000000000400182087862190921000000005000023700000  000000000000000000000000000000000000000000000000000000000000000000000000000000000000000000000000000000000000000000000                          1600000000                                                                  000104
1021903727600017200000260206200016896                         00000000400251429681000000000000000000000000061019112126/400251400000000400251429681190921000000001500023700000  000000000000000000000000000000000000000000000000000000000000000000000000000000000000000000000000000000000000000000000                          1600000000                                                                  000105
1021903727600017200000260206200016896                         00000000400482093775000000000000000000000000061019112126/400482000000000400482093775190921000000004000023700000  000000000000000000000000000000000000000000000000000000000000000000000000000000000000000000000000000000000000000000000                          1600000000                                                                  000106
1021903727600017200000260206200016896                         00000000400487766301000000000000000000000000061019112126/400487700000000400487766301190921000000004000023700000  000000000000000000000000000000000000000000000000000000000000000000000000000000000000000000000000000000000000000000000                          1600000000                                                                  000107
1021903727600017200000260206200016896                         00000000400571338390000000000000000000000000061019112126/400571300000000400571338390190921000000004000023700000  000000000000000000000000000000000000000000000000000000000000000000000000000000000000000000000000000000000000000000000                          1600000000                                                                  000108
1021903727600017200000260206200016896                         00000000600113296181000000000000000000000000061019112126/600113200000000600113296181190921000000000079923700000  000000000000000000000000000000000000000000000000000000000000000000000000000000000000000000000000000000000000000000000                          1600000000                                                                  000109
1021903727600017200000260206200016896                         00000000600550755977000000000000000000000000061019112126/600550700000000600550755977190921000000000139923700000  000000000000000000000000000000000000000000000000000000000000000000000000000000000000000000000000000000000000000000000                          1600000000                                                                  000110
1021903727600017200000260206200016896                         00000000600643438416000000000000000000000000061019112126/600643400000000600643438416190921000000000069923700000  000000000000000000000000000000000000000000000000000000000000000000000000000000000000000000000000000000000000000000000                          1600000000                                                                  000111
1021903727600017200000260206200016896                         00000000600814685433000000000000000000000000061019112126/600814600000000600814685433190921000000000069923700000  000000000000000000000000000000000000000000000000000000000000000000000000000000000000000000000000000000000000000000000                          1600000000                                                                  000112
9201237          000003470000000765517500000811          00046000002652962000002646596000490000026465960001600000022079800000000000000000000000000000000000000000000000000000000000000000000                                                                                                                                                                              00000000000000000000000         000113
