02RETORNO01COBRANCA       00000000000005034448E-PREPAG ADMINISTRADORA DE CAR237BRADESCO       1910210160000000790                                                                                                                                                                                                                                                                          201021         000001
1021903727600017200000260206200016896                         00000000100031650154000000000000000000000000060219102126/100031600000000100031650154191021000000006532323704159  000000000008200000000000000000000000000000000000000000000000000000000000000000000000000000000000000000000000000000000                          0000000000                                                                  000002
1021903727600017200000260206200016896                         00000000100031661857000000000000000000000000060219102126/100031600000000100031661857191021000000000186023704151  000000000008200000000000000000000000000000000000000000000000000000000000000000000000000000000000000000000000000000000                          0000000000                                                                  000003
1021903727600017200000260206200016896                         00000000200784679931000000000000000000000000060219102126/200784600000000200784679931221021000000000600023704151  000000000008200000000000000000000000000000000000000000000000000000000000000000000000000000000000000000000000000000000                          7600000000                                                                  000004
1021903727600017200000260206200016896                         00000000400061849900000000000000000000000000060219102126/400061800000000400061849900221021000000012000023704151  000000000008200000000000000000000000000000000000000000000000000000000000000000000000000000000000000000000000000000000                          0000000000                                                                  000005
1021903727600017200000260206200016896                         00000000400072013847000000000000000000000000060219102126/400072000000000400072013847221021000000000800023700320  000000000008200000000000000000000000000000000000000000000000000000000000000000000000000000000000000000000000000000000                          0000000000                                                                  000006
1021903727600017200000260206200016896                         00000000400132410484000000000000000000000000060219102126/400132400000000400132410484221021000000003000023704144  000000000008200000000000000000000000000000000000000000000000000000000000000000000000000000000000000000000000000000000                          0000000000                                                                  000007
1021903727600017200000260206200016896                         00000000400201689151000000000000000000000000060219102126/400201600000000400201689151221021000000003900023704143  000000000008200000000000000000000000000000000000000000000000000000000000000000000000000000000000000000000000000000000                          0000000000                                                                  000008
1021903727600017200000260206200016896                         00000000400256339753000000000000000000000000060219102126/400256300000000400256339753221021000000000800023702062  000000000008200000000000000000000000000000000000000000000000000000000000000000000000000000000000000000000000000000000                          0000000000                                                                  000009
1021903727600017200000260206200016896                         00000000400266849490000000000000000000000000060219102126/400266800000000400266849490221021000000000800023704158  000000000008200000000000000000000000000000000000000000000000000000000000000000000000000000000000000000000000000000000                          0000000000                                                                  000010
1021903727600017200000260206200016896                         00000000400291188210000000000000000000000000060219102126/400291100000000400291188210221021000000005000023704602  000000000008200000000000000000000000000000000000000000000000000000000000000000000000000000000000000000000000000000000                          0000000000                                                                  000011
1021903727600017200000260206200016896                         00000000400311871710000000000000000000000000060219102126/400311800000000400311871710221021000000000810023702062  000000000008200000000000000000000000000000000000000000000000000000000000000000000000000000000000000000000000000000000                          0000000000                                                                  000012
1021903727600017200000260206200016896                         00000000400359226345000000000000000000000000060219102126/400359200000000400359226345221021000000000800023704159  000000000008200000000000000000000000000000000000000000000000000000000000000000000000000000000000000000000000000000000                          7600000000                                                                  000013
1021903727600017200000260206200016896                         00000000400376766914000000000000000000000000060219102126/400376700000000400376766914221021000000002000023702062  000000000008200000000000000000000000000000000000000000000000000000000000000000000000000000000000000000000000000000000                          0000000000                                                                  000014
1021903727600017200000260206200016896                         0000000040038932189P000000000000000000000000060219102126/40038930000000040038932189P221021000000001590023704159  000000000008200000000000000000000000000000000000000000000000000000000000000000000000000000000000000000000000000000000                          0000000000                                                                  000015
1021903727600017200000260206200016896                         00000000400431378651000000000000000000000000060219102126/400431300000000400431378651221021000000007500023704144  000000000008200000000000000000000000000000000000000000000000000000000000000000000000000000000000000000000000000000000                          0000000000                                                                  000016
1021903727600017200000260206200016896                         00000000400500990593000000000000000000000000060219102126/400500900000000400500990593221021000000000800023702062  000000000008200000000000000000000000000000000000000000000000000000000000000000000000000000000000000000000000000000000                          0000000000                                                                  000017
1021903727600017200000260206200016896                         00000000400539561053000000000000000000000000060219102126/400539500000000400539561053221021000000012000023704147  000000000008200000000000000000000000000000000000000000000000000000000000000000000000000000000000000000000000000000000                          7600000000                                                                  000018
1021903727600017200000260206200016896                         00000000400543528095000000000000000000000000060219102126/400543500000000400543528095221021000000000800023702062  000000000008200000000000000000000000000000000000000000000000000000000000000000000000000000000000000000000000000000000                          0000000000                                                                  000019
1021903727600017200000260206200016896                         00000000400543955821000000000000000000000000060219102126/400543900000000400543955821221021000000004290023704154  000000000008200000000000000000000000000000000000000000000000000000000000000000000000000000000000000000000000000000000                          0000000000                                                                  000020
1021903727600017200000260206200016896                         00000000400565876399000000000000000000000000060219102126/400565800000000400565876399221021000000000800023702062  000000000008200000000000000000000000000000000000000000000000000000000000000000000000000000000000000000000000000000000                          0000000000                                                                  000021
1021903727600017200000260206200016896                         00000000400574392329000000000000000000000000060219102126/400574300000000400574392329221021000000004000023704422  000000000008200000000000000000000000000000000000000000000000000000000000000000000000000000000000000000000000000000000                          0000000000                                                                  000022
1021903727600017200000260206200016896                         00000000400597361862000000000000000000000000060219102126/400597300000000400597361862221021000000003220023704154  000000000008200000000000000000000000000000000000000000000000000000000000000000000000000000000000000000000000000000000                          0000000000                                                                  000023
1021903727600017200000260206200016896                         00000000400675441258000000000000000000000000060219102126/400675400000000400675441258221021000000150000023704428  000000000008200000000000000000000000000000000000000000000000000000000000000000000000000000000000000000000000000000000                          7600000000                                                                  000024
1021903727600017200000260206200016896                         0000000040094212545P000000000000000000000000060219102126/40094210000000040094212545P221021000000002500023704424  000000000008200000000000000000000000000000000000000000000000000000000000000000000000000000000000000000000000000000000                          0000000000                                                                  000025
1021903727600017200000260206200016896                         00000000600657545959000000000000000000000000060219102126/600657500000000600657545959221021000000000500023704422  000000000008200000000000000000000000000000000000000000000000000000000000000000000000000000000000000000000000000000000                          0000000000                                                                  000026
1021903727600017200000260206200016896                         00000000100031650154000000000000000000000000060619102126/100031600000000100031650154191021000000006532310404752  000000000000000000000000000000000000000000000000000000000000000000000000000000000000006532300000000000000000000000000   201021             00000000000000                                                                  000027
1021903727600017200000260206200016896                         00000000100031661857000000000000000000000000060619102126/100031600000000100031661857191021000000000186000103567  000000000000000000000000000000000000000000000000000000000000000000000000000000000000000186000000000000000000000000000   201021             00000000000000                                                                  000028
1021903727600017200000260206200016896                         00000000400061849900000000000000000000000000060619102126/400061800000000400061849900221021000000012000010400977  000000000000000000000000000000000000000000000000000000000000000000000000000000000000012000000000000000000000000000000   201021             00000000000000                                                                  000029
1021903727600017200000260206200016896                         00000000400072013847000000000000000000000000060619102126/400072000000000400072013847221021000000000800063300001  000000000000000000000000000000000000000000000000000000000000000000000000000000000000000800000000000000000000000000000   201021             00000000000000                                                                  000030
1021903727600017200000260206200016896                         00000000400132410484000000000000000000000000060619102126/400132400000000400132410484221021000000003000065500001  000000000000000000000000000000000000000000000000000000000000000000000000000000000000003000000000000000000000000000000   201021             00000000000000                                                                  000031
1021903727600017200000260206200016896                         00000000400213190454000000000000000000000000060619102126/400213100000000400213190454211021000000001000021200001  000000000000000000000000000000000000000000000000000000000000000000000000000000000000001000000000000000000000000000000   201021             00000000000000                                                                  000032
1021903727600017200000260206200016896                         00000000400266849490000000000000000000000000060619102126/400266800000000400266849490221021000000000800000102020  000000000000000000000000000000000000000000000000000000000000000000000000000000000000000800000000000000000000000000000   201021             00000000000000                                                                  000033
1021903727600017200000260206200016896                         00000000400291188210000000000000000000000000060619102126/400291100000000400291188210221021000000005000000101694  000000000000000000000000000000000000000000000000000000000000000000000000000000000000005000000000000000000000000000000   201021             00000000000000                                                                  000034
1021903727600017200000260206200016896                         00000000400311871710000000000000000000000000060619102126/400311800000000400311871710221021000000000810075604327  000000000000000000000000000000000000000000000000000000000000000000000000000000000000000810000000000000000000000000000   201021             00000000000000                                                                  000035
1021903727600017200000260206200016896                         00000000400359226345000000000000000000000000060619102126/400359200000000400359226345221021000000000800075604327  000000000000000000000000000000000000000000000000000000000000000000000000000000000000000800000000000000000000000000000   201021             00000000000000                                                                  000036
1021903727600017200000260206200016896                         00000000400376766914000000000000000000000000060619102126/400376700000000400376766914221021000000002000063300001  000000000000000000000000000000000000000000000000000000000000000000000000000000000000002000000000000000000000000000000   201021             00000000000000                                                                  000037
1021903727600017200000260206200016896                         0000000040038932189P000000000000000000000000060619102126/40038930000000040038932189P221021000000001590075604327  000000000000000000000000000000000000000000000000000000000000000000000000000000000000001590000000000000000000000000000   201021             00000000000000                                                                  000038
1021903727600017200000260206200016896                         00000000400431378651000000000000000000000000060619102126/400431300000000400431378651221021000000007500010400397  000000000000000000000000000000000000000000000000000000000000000000000000000000000000007500000000000000000000000000000   201021             00000000000000                                                                  000039
1021903727600017200000260206200016896                         00000000400500990593000000000000000000000000060619102126/400500900000000400500990593221021000000000800075604327  000000000000000000000000000000000000000000000000000000000000000000000000000000000000000800000000000000000000000000000   201021             00000000000000                                                                  000040
1021903727600017200000260206200016896                         00000000400539561053000000000000000000000000060619102126/400539500000000400539561053221021000000012000023701380  000000000000000000000000000000000000000000000000000000000000000000000000000000000000012000000000000000000000000000000   201021             00000000000000                                                                  000041
1021903727600017200000260206200016896                         00000000400574392329000000000000000000000000060619102126/400574300000000400574392329221021000000004000023703052  000000000000000000000000000000000000000000000000000000000000000000000000000000000000004000000000000000000000000000000   201021             00000000000000                                                                  000042
1021903727600017200000260206200016896                         00000000400610512395000000000000000000000000060619102126/400610500000000400610512395211021000000002110007000264  000000000000000000000000000000000000000000000000000000000000000000000000000000000000002110000000000000000000000000000   201021             00000000000000                                                                  000043
1021903727600017200000260206200016896                         00000000400632129587000000000000000000000000060619102126/400632100000000400632129587211021000000004000010400795  000000000000000000000000000000000000000000000000000000000000000000000000000000000000004000000000000000000000000000000   201021             00000000000000                                                                  000044
1021903727600017200000260206200016896                         0000000040067031293P000000000000000000000000060619102126/40067030000000040067031293P211021000000001200008501127  000000000000000000000000000000000000000000000000000000000000000000000000000000000000001200000000000000000000000000000   201021             00000000000000                                                                  000045
1021903727600017200000260206200016896                         00000000400675441258000000000000000000000000060619102126/400675400000000400675441258221021000000150000000103478  000000000000000000000000000000000000000000000000000000000000000000000000000000000000150000000000000000000000000000000   201021             00000000000000                                                                  000046
1021903727600017200000260206200016896                         0000000040094212545P000000000000000000000000060619102126/40094210000000040094212545P221021000000002500010403880  000000000000000000000000000000000000000000000000000000000000000000000000000000000000002500000000000000000000000000000   201021             00000000000000                                                                  000047
1021903727600017200000260206200016896                         00000000400378353692000000000000000000000000061019102126/400378300000000400378353692190821000000005000023700000  000000000000000000000000000000000000000000000000000000000000000000000000000000000000000000000000000000000000000000000                          1600000000                                                                  000048
1021903727600017200000260206200016896                         00000000400873077596000000000000000000000000061019102126/400873000000000400873077596190821000000001500023700000  000000000000000000000000000000000000000000000000000000000000000000000000000000000000000000000000000000000000000000000                          1600000000                                                                  000049
9201237          000006440000001719185500000790          00025000002252283000002186283000210000021862830000200000006500000000000000000000000000000000000000000000000000000000000000000000000                                                                                                                                                                              00000000000000000000000         000050
