02RETORNO01COBRANCA       00000000000005034448E-PREPAG ADMINISTRADORA DE CAR237BRADESCO       1904230160000001165                                                                                                                                                                                                                                                                          200423         000001
1021903727600017200000260206200016896                         00000000200410879201000000000000000000000000060219042326/200410800000000200410879201220423000000000897023704143  000000000008200000000000000000000000000000000000000000000000000000000000000000000000000000000000000000000000000000000                          0000000000                                                                  000002
1021903727600017200000260206200016896                         00000000200677535226000000000000000000000000060219042326/200677500000000200677535226220423000000000598323704152  000000000008200000000000000000000000000000000000000000000000000000000000000000000000000000000000000000000000000000000                          7600000000                                                                  000003
1021903727600017200000260206200016896                         0000000040065117917P000000000000000000000000060219042326/40065110000000040065117917P220423000000004000023704154  000000000008200000000000000000000000000000000000000000000000000000000000000000000000000000000000000000000000000000000                          0000000000                                                                  000004
1021903727600017200000260206200016896                         00000000200410879201000000000000000000000000060619042326/200410800000000200410879201220423000000000897026000001  000000000000000000000000000000000000000000000000000000000000000000000000000000000000000897000000000000000000000000000   200423             00000000000000                                                                  000005
1021903727600017200000260206200016896                         0000000040065117917P000000000000000000000000060619042326/40065110000000040065117917P220423000000004000010400721  000000000000000000000000000000000000000000000000000000000000000000000000000000000000004000000000000000000000000000000   200423             00000000000000                                                                  000006
9201237          000000600000000077945600001165          00003000000054953000000048970000020000000489700000000000000000000000000000000000000000000000000000000000000000000000000000000000000                                                                                                                                                                              00000000000000000000000         000007
