02RETORNO01COBRANCA       00000000000005034448E-PREPAG ADMINISTRADORA DE CAR237BRADESCO       2004230160000001166                                                                                                                                                                                                                                                                          240423         000001
1021903727600017200000260206200016896                         00000000200683238144000000000000000000000000060220042326/200683200000000200683238144230423000000006090923704400  000000000008200000000000000000000000000000000000000000000000000000000000000000000000000000000000000000000000000000000                          0000000000                                                                  000002
1021903727600017200000260206200016896                         0000000020068375083P000000000000000000000000060220042326/20068370000000020068375083P230423000000000243223704422  000000000008200000000000000000000000000000000000000000000000000000000000000000000000000000000000000000000000000000000                          0000000000                                                                  000003
1021903727600017200000260206200016896                         00000000400210650896000000000000000000000000060220042326/400210600000000400210650896230423000000001000023700140  000000000008200000000000000000000000000000000000000000000000000000000000000000000000000000000000000000000000000000000                          0000000000                                                                  000004
1021903727600017200000260206200016896                         00000000400324241244000000000000000000000000060220042326/400324200000000400324241244230423000000003000023704143  000000000008200000000000000000000000000000000000000000000000000000000000000000000000000000000000000000000000000000000                          7600000000                                                                  000005
1021903727600017200000260206200016896                         00000000400432821559000000000000000000000000060220042326/400432800000000400432821559230423000000001000023704143  000000000008200000000000000000000000000000000000000000000000000000000000000000000000000000000000000000000000000000000                          7600000000                                                                  000006
1021903727600017200000260206200016896                         00000000200677535226000000000000000000000000060620042326/200677500000000200677535226220423000000000598334104898  000000000000000000000000000000000000000000000000000000000000000000000000000000000000000598300000000000000000000000000   240423             00000000000000                                                                  000007
1021903727600017200000260206200016896                         00000000200683238144000000000000000000000000060620042326/200683200000000200683238144230423000000006090910403057  000000000000000000000000000000000000000000000000000000000000000000000000000000000000006090900000000000000000000000000   240423             00000000000000                                                                  000008
1021903727600017200000260206200016896                         00000000400210650896000000000000000000000000060620042326/400210600000000400210650896230423000000001000075604327  000000000000000000000000000000000000000000000000000000000000000000000000000000000000001000000000000000000000000000000   240423             00000000000000                                                                  000009
1021903727600017200000260206200016896                         00000000400324241244000000000000000000000000060620042326/400324200000000400324241244230423000000003000023702151  000000000000000000000000000000000000000000000000000000000000000000000000000000000000003000000000000000000000000000000   240423             00000000000000                                                                  000010
1021903727600017200000260206200016896                         00000000400432821559000000000000000000000000060620042326/400432800000000400432821559230423000000001000010403850  000000000000000000000000000000000000000000000000000000000000000000000000000000000000001000000000000000000000000000000   240423             00000000000000                                                                  000011
1021903727600017200000260206200016896                         00000000200982040504000000000000000000000000061020042326/200982000000000200982040504180223000000003115723700000  000000000000000000000000000000000000000000000000000000000000000000000000000000000000000000000000000000000000000000000                          1600000000                                                                  000012
9201237          000000590000000074474800001166          00005000000113341000000116892000050000001168920000100000003115700000000000000000000000000000000000000000000000000000000000000000000                                                                                                                                                                              00000000000000000000000         000013
