02RETORNO01COBRANCA       00000000000005034448E-PREPAG ADMINISTRADORA DE CAR237BRADESCO       2001230160000001105                                                                                                                                                                                                                                                                          230123         000001
1021903727600017200000260206200016896                         00000000200549159831000000000000000000000000060220012326/200549100000000200549159831230123000000000079923704143  000000000008200000000000000000000000000000000000000000000000000000000000000000000000000000000000000000000000000000000                          0000000000                                                                  000002
1021903727600017200000260206200016896                         0000000040032965122P000000000000000000000000060220012326/40032960000000040032965122P230123000000000800023704158  000000000008200000000000000000000000000000000000000000000000000000000000000000000000000000000000000000000000000000000                          0000000000                                                                  000003
1021903727600017200000260206200016896                         00000000400428988341000000000000000000000000060220012326/400428900000000400428988341230123000000000800023704602  000000000008200000000000000000000000000000000000000000000000000000000000000000000000000000000000000000000000000000000                          0000000000                                                                  000004
1021903727600017200000260206200016896                         00000000400765968255000000000000000000000000060220012326/400765900000000400765968255230123000000000800023704602  000000000008200000000000000000000000000000000000000000000000000000000000000000000000000000000000000000000000000000000                          0000000000                                                                  000005
1021903727600017200000260206200016896                         00000000200549159831000000000000000000000000060620012326/200549100000000200549159831230123000000000079934107008  000000000000000000000000000000000000000000000000000000000000000000000000000000000000000079900000000000000000000000000   230123             00000000000000                                                                  000006
1021903727600017200000260206200016896                         0000000040032965122P000000000000000000000000060620012326/40032960000000040032965122P230123000000000800023700365  000000000000000000000000000000000000000000000000000000000000000000000000000000000000000800000000000000000000000000000   230123             00000000000000                                                                  000007
9201237          000001280000000748119100001105          00004000000024799000000008799000020000000087990000000000000000000000000000000000000000000000000000000000000000000000000000000000000                                                                                                                                                                              00000000000000000000000         000008
