02RETORNO01COBRANCA       00000000000005034448E-PREPAG ADMINISTRADORA DE CAR237BRADESCO       2010210160000000791                                                                                                                                                                                                                                                                          211021         000001
1021903727600017200000260206200016896                         00000000100031710688000000000000000000000000060220102126/100031700000000100031710688211021000000002475223704400  000000000008200000000000000000000000000000000000000000000000000000000000000000000000000000000000000000000000000000000                          0000000000                                                                  000002
1021903727600017200000260206200016896                         00000000200098178470000000000000000000000000060220102126/200098100000000200098178470231021000000000854823700408  000000000008200000000000000000000000000000000000000000000000000000000000000000000000000000000000000000000000000000000                          0000000000                                                                  000003
1021903727600017200000260206200016896                         00000000200488728285000000000000000000000000060220102126/200488700000000200488728285231021000000000219923704400  000000000000000000000000000000000000000000000000000000000000000000000000000000000000000000000000000000000000000000000                          0000000000                                                                  000004
1021903727600017200000260206200016896                         00000000200560811133000000000000000000000000060220102126/200560800000000200560811133231021000000000500023704602  000000000008200000000000000000000000000000000000000000000000000000000000000000000000000000000000000000000000000000000                          0000000000                                                                  000005
1021903727600017200000260206200016896                         00000000200989482715000000000000000000000000060220102126/200989400000000200989482715231021000000001413423703109  000000000000000000000000000000000000000000000000000000000000000000000000000000000000000000000000000000000000000000000                          0000000000                                                                  000006
1021903727600017200000260206200016896                         00000000400114618671000000000000000000000000060220102126/400114600000000400114618671231021000000005000023704154  000000000008200000000000000000000000000000000000000000000000000000000000000000000000000000000000000000000000000000000                          0000000000                                                                  000007
1021903727600017200000260206200016896                         00000000400175108870000000000000000000000000060220102126/400175100000000400175108870231021000000003000023704151  000000000008200000000000000000000000000000000000000000000000000000000000000000000000000000000000000000000000000000000                          0000000000                                                                  000008
1021903727600017200000260206200016896                         00000000400214772139000000000000000000000000060220102126/400214700000000400214772139231021000000000800023704159  000000000008200000000000000000000000000000000000000000000000000000000000000000000000000000000000000000000000000000000                          0000000000                                                                  000009
1021903727600017200000260206200016896                         00000000400231078645000000000000000000000000060220102126/400231000000000400231078645231021000000002600023704143  000000000008200000000000000000000000000000000000000000000000000000000000000000000000000000000000000000000000000000000                          7600000000                                                                  000010
1021903727600017200000260206200016896                         00000000400296097086000000000000000000000000060220102126/400296000000000400296097086231021000000005000023704159  000000000008200000000000000000000000000000000000000000000000000000000000000000000000000000000000000000000000000000000                          0000000000                                                                  000011
1021903727600017200000260206200016896                         00000000400338569986000000000000000000000000060220102126/400338500000000400338569986231021000000011000023704157  000000000008200000000000000000000000000000000000000000000000000000000000000000000000000000000000000000000000000000000                          0000000000                                                                  000012
1021903727600017200000260206200016896                         00000000400388730397000000000000000000000000060220102126/400388700000000400388730397231021000000012000023704154  000000000008200000000000000000000000000000000000000000000000000000000000000000000000000000000000000000000000000000000                          0000000000                                                                  000013
1021903727600017200000260206200016896                         00000000400428842452000000000000000000000000060220102126/400428800000000400428842452231021000000002000023704452  000000000008200000000000000000000000000000000000000000000000000000000000000000000000000000000000000000000000000000000                          0000000000                                                                  000014
1021903727600017200000260206200016896                         00000000400460563050000000000000000000000000060220102126/400460500000000400460563050231021000000000800023704159  000000000008200000000000000000000000000000000000000000000000000000000000000000000000000000000000000000000000000000000                          0000000000                                                                  000015
1021903727600017200000260206200016896                         00000000400491801324000000000000000000000000060220102126/400491800000000400491801324231021000000000800023704159  000000000008200000000000000000000000000000000000000000000000000000000000000000000000000000000000000000000000000000000                          0000000000                                                                  000016
1021903727600017200000260206200016896                         00000000400582066562000000000000000000000000060220102126/400582000000000400582066562231021000000000800023700435  000000000008200000000000000000000000000000000000000000000000000000000000000000000000000000000000000000000000000000000                          0000000000                                                                  000017
1021903727600017200000260206200016896                         00000000400627693024000000000000000000000000060220102126/400627600000000400627693024231021000000000820023704158  000000000008200000000000000000000000000000000000000000000000000000000000000000000000000000000000000000000000000000000                          0000000000                                                                  000018
1021903727600017200000260206200016896                         00000000400637730203000000000000000000000000060220102126/400637700000000400637730203231021000000004900023700153  000000000008200000000000000000000000000000000000000000000000000000000000000000000000000000000000000000000000000000000                          0000000000                                                                  000019
1021903727600017200000260206200016896                         00000000400659182285000000000000000000000000060220102126/400659100000000400659182285231021000000001000023704159  000000000008200000000000000000000000000000000000000000000000000000000000000000000000000000000000000000000000000000000                          0000000000                                                                  000020
1021903727600017200000260206200016896                         00000000400727453977000000000000000000000000060220102126/400727400000000400727453977231021000000001500023704424  000000000008200000000000000000000000000000000000000000000000000000000000000000000000000000000000000000000000000000000                          0000000000                                                                  000021
1021903727600017200000260206200016896                         00000000400731501501000000000000000000000000060220102126/400731500000000400731501501231021000000000800023704159  000000000008200000000000000000000000000000000000000000000000000000000000000000000000000000000000000000000000000000000                          0000000000                                                                  000022
1021903727600017200000260206200016896                         00000000400741530569000000000000000000000000060220102126/400741500000000400741530569231021000000012000023704159  000000000008200000000000000000000000000000000000000000000000000000000000000000000000000000000000000000000000000000000                          0000000000                                                                  000023
1021903727600017200000260206200016896                         00000000400741978098000000000000000000000000060220102126/400741900000000400741978098231021000000000800023704159  000000000008200000000000000000000000000000000000000000000000000000000000000000000000000000000000000000000000000000000                          0000000000                                                                  000024
1021903727600017200000260206200016896                         00000000400778506609000000000000000000000000060220102126/400778500000000400778506609231021000000005000023704602  000000000008200000000000000000000000000000000000000000000000000000000000000000000000000000000000000000000000000000000                          0000000000                                                                  000025
1021903727600017200000260206200016896                         00000000400830725098000000000000000000000000060220102126/400830700000000400830725098231021000000005000023700140  000000000008200000000000000000000000000000000000000000000000000000000000000000000000000000000000000000000000000000000                          0000000000                                                                  000026
1021903727600017200000260206200016896                         00000000400871803095000000000000000000000000060220102126/400871800000000400871803095231021000000002180023700320  000000000008200000000000000000000000000000000000000000000000000000000000000000000000000000000000000000000000000000000                          0000000000                                                                  000027
1021903727600017200000260206200016896                         00000000400916418260000000000000000000000000060220102126/400916400000000400916418260231021000000001500023700073  000000000008200000000000000000000000000000000000000000000000000000000000000000000000000000000000000000000000000000000                          0000000000                                                                  000028
1021903727600017200000260206200016896                         00000000400958016510000000000000000000000000060220102126/400958000000000400958016510231021000000000800023704159  000000000008200000000000000000000000000000000000000000000000000000000000000000000000000000000000000000000000000000000                          0000000000                                                                  000029
1021903727600017200000260206200016896                         00000000400965547106000000000000000000000000060220102126/400965500000000400965547106231021000000004470023703109  000000000008200000000000000000000000000000000000000000000000000000000000000000000000000000000000000000000000000000000                          0000000000                                                                  000030
1021903727600017200000260206200016896                         00000000600579931049000000000000000000000000060220102126/600579900000000600579931049231021000000000119923700389  000000000008200000000000000000000000000000000000000000000000000000000000000000000000000000000000000000000000000000000                          0000000000                                                                  000031
1021903727600017200000260206200016896                         00000000100031710688000000000000000000000000060620102126/100031700000000100031710688211021000000002475210400680  000000000000000000000000000000000000000000000000000000000000000000000000000000000000002475200000000000000000000000000   211021             00000000000000                                                                  000032
1021903727600017200000260206200016896                         00000000200098178470000000000000000000000000060620102126/200098100000000200098178470231021000000000854826000001  000000000000000000000000000000000000000000000000000000000000000000000000000000000000000854800000000000000000000000000   211021             00000000000000                                                                  000033
1021903727600017200000260206200016896                         00000000400114618671000000000000000000000000060620102126/400114600000000400114618671231021000000005000002100112  000000000000000000000000000000000000000000000000000000000000000000000000000000000000005000000000000000000000000000000   211021             00000000000000                                                                  000034
1021903727600017200000260206200016896                         00000000400201689151000000000000000000000000060620102126/400201600000000400201689151221021000000003900010400627  000000000000000000000000000000000000000000000000000000000000000000000000000000000000003900000000000000000000000000000   211021             00000000000000                                                                  000035
1021903727600017200000260206200016896                         00000000400214772139000000000000000000000000060620102126/400214700000000400214772139231021000000000800065500001  000000000000000000000000000000000000000000000000000000000000000000000000000000000000000800000000000000000000000000000   211021             00000000000000                                                                  000036
1021903727600017200000260206200016896                         00000000400231078645000000000000000000000000060620102126/400231000000000400231078645231021000000002600023702151  000000000000000000000000000000000000000000000000000000000000000000000000000000000000002600000000000000000000000000000   211021             00000000000000                                                                  000037
1021903727600017200000260206200016896                         00000000400296097086000000000000000000000000060620102126/400296000000000400296097086231021000000005000000100922  000000000000000000000000000000000000000000000000000000000000000000000000000000000000005000000000000000000000000000000   211021             00000000000000                                                                  000038
1021903727600017200000260206200016896                         00000000400338569986000000000000000000000000060620102126/400338500000000400338569986231021000000011000023703929  000000000000000000000000000000000000000000000000000000000000000000000000000000000000011000000000000000000000000000000   211021             00000000000000                                                                  000039
1021903727600017200000260206200016896                         00000000400428842452000000000000000000000000060620102126/400428800000000400428842452231021000000002000010401563  000000000000000000000000000000000000000000000000000000000000000000000000000000000000002000000000000000000000000000000   211021             00000000000000                                                                  000040
1021903727600017200000260206200016896                         00000000400460563050000000000000000000000000060620102126/400460500000000400460563050231021000000000800065500001  000000000000000000000000000000000000000000000000000000000000000000000000000000000000000800000000000000000000000000000   211021             00000000000000                                                                  000041
1021903727600017200000260206200016896                         00000000400491801324000000000000000000000000060620102126/400491800000000400491801324231021000000000800065500001  000000000000000000000000000000000000000000000000000000000000000000000000000000000000000800000000000000000000000000000   211021             00000000000000                                                                  000042
1021903727600017200000260206200016896                         00000000400582066562000000000000000000000000060620102126/400582000000000400582066562231021000000000800075604327  000000000000000000000000000000000000000000000000000000000000000000000000000000000000000800000000000000000000000000000   211021             00000000000000                                                                  000043
1021903727600017200000260206200016896                         00000000400627693024000000000000000000000000060620102126/400627600000000400627693024231021000000000820000102020  000000000000000000000000000000000000000000000000000000000000000000000000000000000000000820000000000000000000000000000   211021             00000000000000                                                                  000044
1021903727600017200000260206200016896                         00000000400637730203000000000000000000000000060620102126/400637700000000400637730203231021000000004900023705889  000000000000000000000000000000000000000000000000000000000000000000000000000000000000004900000000000000000000000000000   211021             00000000000000                                                                  000045
1021903727600017200000260206200016896                         00000000400659182285000000000000000000000000060620102126/400659100000000400659182285231021000000001000075604327  000000000000000000000000000000000000000000000000000000000000000000000000000000000000001000000000000000000000000000000   211021             00000000000000                                                                  000046
1021903727600017200000260206200016896                         00000000400727453977000000000000000000000000060620102126/400727400000000400727453977231021000000001500010403880  000000000000000000000000000000000000000000000000000000000000000000000000000000000000001500000000000000000000000000000   211021             00000000000000                                                                  000047
1021903727600017200000260206200016896                         00000000400731501501000000000000000000000000060620102126/400731500000000400731501501231021000000000800065500001  000000000000000000000000000000000000000000000000000000000000000000000000000000000000000800000000000000000000000000000   211021             00000000000000                                                                  000048
1021903727600017200000260206200016896                         00000000400741530569000000000000000000000000060620102126/400741500000000400741530569231021000000012000075601098  000000000000000000000000000000000000000000000000000000000000000000000000000000000000012000000000000000000000000000000   211021             00000000000000                                                                  000049
1021903727600017200000260206200016896                         00000000400741978098000000000000000000000000060620102126/400741900000000400741978098231021000000000800065500001  000000000000000000000000000000000000000000000000000000000000000000000000000000000000000800000000000000000000000000000   211021             00000000000000                                                                  000050
1021903727600017200000260206200016896                         00000000400778506609000000000000000000000000060620102126/400778500000000400778506609231021000000005000000101694  000000000000000000000000000000000000000000000000000000000000000000000000000000000000005000000000000000000000000000000   211021             00000000000000                                                                  000051
1021903727600017200000260206200016896                         00000000400830725098000000000000000000000000060620102126/400830700000000400830725098231021000000005000075604327  000000000000000000000000000000000000000000000000000000000000000000000000000000000000005000000000000000000000000000000   211021             00000000000000                                                                  000052
1021903727600017200000260206200016896                         00000000400871803095000000000000000000000000060620102126/400871800000000400871803095231021000000002180065500001  000000000000000000000000000000000000000000000000000000000000000000000000000000000000002180000000000000000000000000000   211021             00000000000000                                                                  000053
1021903727600017200000260206200016896                         00000000400916418260000000000000000000000000060620102126/400916400000000400916418260231021000000001500041300001  000000000000000000000000000000000000000000000000000000000000000000000000000000000000001500000000000000000000000000000   211021             00000000000000                                                                  000054
1021903727600017200000260206200016896                         00000000400958016510000000000000000000000000060620102126/400958000000000400958016510231021000000000800065500001  000000000000000000000000000000000000000000000000000000000000000000000000000000000000000800000000000000000000000000000   211021             00000000000000                                                                  000055
1021903727600017200000260206200016896                         00000000400965547106000000000000000000000000060620102126/400965500000000400965547106231021000000004470063300001  000000000000000000000000000000000000000000000000000000000000000000000000000000000000004470000000000000000000000000000   211021             00000000000000                                                                  000056
9201237          000006490000001732538700000791          00030000000901532000000768000000250000007680000000000000000000000000000000000000000000000000000000000000000000000000000000000000000                                                                                                                                                                              00000000000000000000000         000057
