02RETORNO01COBRANCA       00000000000005034448E-PREPAG ADMINISTRADORA DE CAR237BRADESCO       2010220160000001042                                                                                                                                                                                                                                                                          211022         000001
1021903727600017200000260206200016896                         0000000020038939846P000000000000000000000000060220102226/20038930000000020038939846P231022000000001825223704159  000000000000000000000000000000000000000000000000000000000000000000000000000000000000000000000000000000000000000000000                          0000000000                                                                  000002
1021903727600017200000260206200016896                         00000000400238890787000000000000000000000000060220102226/400238800000000400238890787231022000000000800023702062  000000000008200000000000000000000000000000000000000000000000000000000000000000000000000000000000000000000000000000000                          0000000000                                                                  000003
1021903727600017200000260206200016896                         00000000400747299931000000000000000000000000060220102226/400747200000000400747299931231022000000001500023700321  000000000008200000000000000000000000000000000000000000000000000000000000000000000000000000000000000000000000000000000                          0000000000                                                                  000004
1021903727600017200000260206200016896                         00000000400747299931000000000000000000000000060620102226/400747200000000400747299931231022000000001500010401859  000000000000000000000000000000000000000000000000000000000000000000000000000000000000001500000000000000000000000000000   211022             00000000000000                                                                  000005
9201237          000000980000000236637400001042          00003000000041252000000015000000010000000150000000000000000000000000000000000000000000000000000000000000000000000000000000000000000                                                                                                                                                                              00000000000000000000000         000006
