02RETORNO01COBRANCA       00000000000005034448E-PREPAG ADMINISTRADORA DE CAR237BRADESCO       2009210160000000770                                                                                                                                                                                                                                                                          210921         000001
1021903727600017200000260206200016896                         00000000100031405680000000000000000000000000060220092126/100031400000000100031405680210921000000000540023704152  000000000008200000000000000000000000000000000000000000000000000000000000000000000000000000000000000000000000000000000                          0000000000                                                                  000002
1021903727600017200000260206200016896                         00000000100031406962000000000000000000000000060220092126/100031400000000100031406962210921000000022913523704602  000000000008200000000000000000000000000000000000000000000000000000000000000000000000000000000000000000000000000000000                          0000000000                                                                  000003
1021903727600017200000260206200016896                         00000000100031408728000000000000000000000000060220092126/100031400000000100031408728210921000000001960023704151  000000000008200000000000000000000000000000000000000000000000000000000000000000000000000000000000000000000000000000000                          0000000000                                                                  000004
1021903727600017200000260206200016896                         00000000100031447006000000000000000000000000060220092126/100031400000000100031447006210921000000001788323704400  000000000008200000000000000000000000000000000000000000000000000000000000000000000000000000000000000000000000000000000                          0000000000                                                                  000005
1021903727600017200000260206200016896                         00000000200149322288000000000000000000000000060220092126/200149300000000200149322288230921000000000223523703109  000000000008200000000000000000000000000000000000000000000000000000000000000000000000000000000000000000000000000000000                          7600000000                                                                  000006
1021903727600017200000260206200016896                         00000000200154985996000000000000000000000000060220092126/200154900000000200154985996230921000000000319923704452  000000000000000000000000000000000000000000000000000000000000000000000000000000000000000000000000000000000000000000000                          0000000000                                                                  000007
1021903727600017200000260206200016896                         00000000200205952753000000000000000000000000060220092126/200205900000000200205952753230921000000000528323704154  000000000008200000000000000000000000000000000000000000000000000000000000000000000000000000000000000000000000000000000                          7600000000                                                                  000008
1021903727600017200000260206200016896                         00000000200214274873000000000000000000000000060220092126/200214200000000200214274873230921000000000178623704422  000000000008200000000000000000000000000000000000000000000000000000000000000000000000000000000000000000000000000000000                          0000000000                                                                  000009
1021903727600017200000260206200016896                         0000000020030724107P000000000000000000000000060220092126/20030720000000020030724107P230921000000000319923704424  000000000008200000000000000000000000000000000000000000000000000000000000000000000000000000000000000000000000000000000                          7600000000                                                                  000010
1021903727600017200000260206200016896                         00000000200326839008000000000000000000000000060220092126/200326800000000200326839008230921000000002500023704152  000000000008200000000000000000000000000000000000000000000000000000000000000000000000000000000000000000000000000000000                          7600000000                                                                  000011
1021903727600017200000260206200016896                         00000000200396005163000000000000000000000000060220092126/200396000000000200396005163230921000000000750023704400  000000000008200000000000000000000000000000000000000000000000000000000000000000000000000000000000000000000000000000000                          0000000000                                                                  000012
1021903727600017200000260206200016896                         00000000200436601937000000000000000000000000060220092126/200436600000000200436601937220921000000000194423703109  000000000008200000000000000000000000000000000000000000000000000000000000000000000000000000000000000000000000000000000                          7600000000                                                                  000013
1021903727600017200000260206200016896                         00000000200513463364000000000000000000000000060220092126/200513400000000200513463364230921000000000319923700153  000000000008200000000000000000000000000000000000000000000000000000000000000000000000000000000000000000000000000000000                          0000000000                                                                  000014
1021903727600017200000260206200016896                         00000000200590664860000000000000000000000000060220092126/200590600000000200590664860230921000000000750023704400  000000000008200000000000000000000000000000000000000000000000000000000000000000000000000000000000000000000000000000000                          0000000000                                                                  000015
1021903727600017200000260206200016896                         00000000200634524018000000000000000000000000060220092126/200634500000000200634524018230921000000000319923703109  000000000008200000000000000000000000000000000000000000000000000000000000000000000000000000000000000000000000000000000                          0000000000                                                                  000016
1021903727600017200000260206200016896                         00000000200682771094000000000000000000000000060220092126/200682700000000200682771094230921000000000319923704151  000000000008200000000000000000000000000000000000000000000000000000000000000000000000000000000000000000000000000000000                          0000000000                                                                  000017
1021903727600017200000260206200016896                         00000000200698122738000000000000000000000000060220092126/200698100000000200698122738230921000000001533223703109  000000000008200000000000000000000000000000000000000000000000000000000000000000000000000000000000000000000000000000000                          7600000000                                                                  000018
1021903727600017200000260206200016896                         00000000200701408729000000000000000000000000060220092126/200701400000000200701408729230921000000000644523702062  000000000000000000000000000000000000000000000000000000000000000000000000000000000000000000000000000000000000000000000                          7600000000                                                                  000019
1021903727600017200000260206200016896                         00000000200779818907000000000000000000000000060220092126/200779800000000200779818907230921000000000319923700153  000000000008200000000000000000000000000000000000000000000000000000000000000000000000000000000000000000000000000000000                          0000000000                                                                  000020
1021903727600017200000260206200016896                         00000000200907436001000000000000000000000000060220092126/200907400000000200907436001230921000000000600023704151  000000000008200000000000000000000000000000000000000000000000000000000000000000000000000000000000000000000000000000000                          0000000000                                                                  000021
1021903727600017200000260206200016896                         00000000200909581769000000000000000000000000060220092126/200909500000000200909581769210921000000000432423704400  000000000008200000000000000000000000000000000000000000000000000000000000000000000000000000000000000000000000000000000                          0000000000                                                                  000022
1021903727600017200000260206200016896                         00000000200914444184000000000000000000000000060220092126/200914400000000200914444184220921000000000431923700435  000000000008200000000000000000000000000000000000000000000000000000000000000000000000000000000000000000000000000000000                          0000000000                                                                  000023
1021903727600017200000260206200016896                         00000000200974941144000000000000000000000000060220092126/200974900000000200974941144220921000000000194423704424  000000000008200000000000000000000000000000000000000000000000000000000000000000000000000000000000000000000000000000000                          0000000000                                                                  000024
1021903727600017200000260206200016896                         00000000400031115554000000000000000000000000060220092126/400031100000000400031115554230921000000000800023704159  000000000008200000000000000000000000000000000000000000000000000000000000000000000000000000000000000000000000000000000                          0000000000                                                                  000025
1021903727600017200000260206200016896                         00000000400033294669000000000000000000000000060220092126/400033200000000400033294669230921000000100000023704428  000000000008200000000000000000000000000000000000000000000000000000000000000000000000000000000000000000000000000000000                          7600000000                                                                  000026
1021903727600017200000260206200016896                         00000000400057647678000000000000000000000000060220092126/400057600000000400057647678230921000000007000023700140  000000000008200000000000000000000000000000000000000000000000000000000000000000000000000000000000000000000000000000000                          0000000000                                                                  000027
1021903727600017200000260206200016896                         00000000400072140172000000000000000000000000060220092126/400072100000000400072140172220921000000000800023700320  000000000008200000000000000000000000000000000000000000000000000000000000000000000000000000000000000000000000000000000                          0000000000                                                                  000028
1021903727600017200000260206200016896                         00000000400093181766000000000000000000000000060220092126/400093100000000400093181766230921000000003000023704144  000000000008200000000000000000000000000000000000000000000000000000000000000000000000000000000000000000000000000000000                          7600000000                                                                  000029
1021903727600017200000260206200016896                         00000000400114509031000000000000000000000000060220092126/400114500000000400114509031230921000000010000023704452  000000000008200000000000000000000000000000000000000000000000000000000000000000000000000000000000000000000000000000000                          0000000000                                                                  000030
1021903727600017200000260206200016896                         00000000400114548614000000000000000000000000060220092126/400114500000000400114548614230921000000002500023704143  000000000008200000000000000000000000000000000000000000000000000000000000000000000000000000000000000000000000000000000                          0000000000                                                                  000031
1021903727600017200000260206200016896                         00000000400130517095000000000000000000000000060220092126/400130500000000400130517095230921000000003000023704152  000000000008200000000000000000000000000000000000000000000000000000000000000000000000000000000000000000000000000000000                          0000000000                                                                  000032
1021903727600017200000260206200016896                         00000000400135654902000000000000000000000000060220092126/400135600000000400135654902230921000000000800023704159  000000000008200000000000000000000000000000000000000000000000000000000000000000000000000000000000000000000000000000000                          0000000000                                                                  000033
1021903727600017200000260206200016896                         00000000400136563080000000000000000000000000060220092126/400136500000000400136563080230921000000000800023704159  000000000008200000000000000000000000000000000000000000000000000000000000000000000000000000000000000000000000000000000                          0000000000                                                                  000034
1021903727600017200000260206200016896                         00000000400139638103000000000000000000000000060220092126/400139600000000400139638103230921000000000800023700140  000000000008200000000000000000000000000000000000000000000000000000000000000000000000000000000000000000000000000000000                          0000000000                                                                  000035
1021903727600017200000260206200016896                         00000000400143137623000000000000000000000000060220092126/400143100000000400143137623230921000000001000023704159  000000000008200000000000000000000000000000000000000000000000000000000000000000000000000000000000000000000000000000000                          0000000000                                                                  000036
1021903727600017200000260206200016896                         00000000400143246856000000000000000000000000060220092126/400143200000000400143246856230921000000000960023704143  000000000008200000000000000000000000000000000000000000000000000000000000000000000000000000000000000000000000000000000                          7600000000                                                                  000037
1021903727600017200000260206200016896                         00000000400144380432000000000000000000000000060220092126/400144300000000400144380432230921000000000960023704143  000000000008200000000000000000000000000000000000000000000000000000000000000000000000000000000000000000000000000000000                          7600000000                                                                  000038
1021903727600017200000260206200016896                         00000000400155222030000000000000000000000000060220092126/400155200000000400155222030230921000000001500023704151  000000000000000000000000000000000000000000000000000000000000000000000000000000000000000000000000000000000000000000000                          0000000000                                                                  000039
1021903727600017200000260206200016896                         00000000400169427077000000000000000000000000060220092126/400169400000000400169427077230921000000000800023704159  000000000008200000000000000000000000000000000000000000000000000000000000000000000000000000000000000000000000000000000                          0000000000                                                                  000040
1021903727600017200000260206200016896                         00000000400219713025000000000000000000000000060220092126/400219700000000400219713025230921000000000800023704159  000000000008200000000000000000000000000000000000000000000000000000000000000000000000000000000000000000000000000000000                          0000000000                                                                  000041
1021903727600017200000260206200016896                         00000000400265393817000000000000000000000000060220092126/400265300000000400265393817230921000000000820023702062  000000000008200000000000000000000000000000000000000000000000000000000000000000000000000000000000000000000000000000000                          0000000000                                                                  000042
1021903727600017200000260206200016896                         00000000400266656277000000000000000000000000060220092126/400266600000000400266656277230921000000005460023704159  000000000008200000000000000000000000000000000000000000000000000000000000000000000000000000000000000000000000000000000                          0000000000                                                                  000043
1021903727600017200000260206200016896                         00000000400280381949000000000000000000000000060220092126/400280300000000400280381949230921000000000800023704422  000000000008200000000000000000000000000000000000000000000000000000000000000000000000000000000000000000000000000000000                          0000000000                                                                  000044
1021903727600017200000260206200016896                         00000000400282903144000000000000000000000000060220092126/400282900000000400282903144230921000000000800023704159  000000000008200000000000000000000000000000000000000000000000000000000000000000000000000000000000000000000000000000000                          0000000000                                                                  000045
1021903727600017200000260206200016896                         00000000400325925554000000000000000000000000060220092126/400325900000000400325925554230921000000000800023704159  000000000008200000000000000000000000000000000000000000000000000000000000000000000000000000000000000000000000000000000                          0000000000                                                                  000046
1021903727600017200000260206200016896                         00000000400340430278000000000000000000000000060220092126/400340400000000400340430278210921000000001500023704157  000000000008200000000000000000000000000000000000000000000000000000000000000000000000000000000000000000000000000000000                          7600000000                                                                  000047
1021903727600017200000260206200016896                         00000000400358042488000000000000000000000000060220092126/400358000000000400358042488230921000000000800023704159  000000000008200000000000000000000000000000000000000000000000000000000000000000000000000000000000000000000000000000000                          0000000000                                                                  000048
1021903727600017200000260206200016896                         00000000400365908962000000000000000000000000060220092126/400365900000000400365908962230921000000000800023704452  000000000008200000000000000000000000000000000000000000000000000000000000000000000000000000000000000000000000000000000                          0000000000                                                                  000049
1021903727600017200000260206200016896                         00000000400365961227000000000000000000000000060220092126/400365900000000400365961227230921000000001500023704154  000000000008200000000000000000000000000000000000000000000000000000000000000000000000000000000000000000000000000000000                          0000000000                                                                  000050
1021903727600017200000260206200016896                         00000000400368062037000000000000000000000000060220092126/400368000000000400368062037230921000000000800023702062  000000000008200000000000000000000000000000000000000000000000000000000000000000000000000000000000000000000000000000000                          0000000000                                                                  000051
1021903727600017200000260206200016896                         00000000400382334961000000000000000000000000060220092126/400382300000000400382334961230921000000002500023704143  000000000008200000000000000000000000000000000000000000000000000000000000000000000000000000000000000000000000000000000                          0000000000                                                                  000052
1021903727600017200000260206200016896                         00000000400393499229000000000000000000000000060220092126/400393400000000400393499229230921000000001200023704159  000000000000000000000000000000000000000000000000000000000000000000000000000000000000000000000000000000000000000000000                          0000000000                                                                  000053
1021903727600017200000260206200016896                         00000000400422848564000000000000000000000000060220092126/400422800000000400422848564230921000000000800023704602  000000000008200000000000000000000000000000000000000000000000000000000000000000000000000000000000000000000000000000000                          7600000000                                                                  000054
1021903727600017200000260206200016896                         00000000400425176028000000000000000000000000060220092126/400425100000000400425176028230921000000000800023704159  000000000008200000000000000000000000000000000000000000000000000000000000000000000000000000000000000000000000000000000                          0000000000                                                                  000055
1021903727600017200000260206200016896                         00000000400434217462000000000000000000000000060220092126/400434200000000400434217462230921000000000820023704602  000000000008200000000000000000000000000000000000000000000000000000000000000000000000000000000000000000000000000000000                          7600000000                                                                  000056
1021903727600017200000260206200016896                         00000000400437344449000000000000000000000000060220092126/400437300000000400437344449230921000000000800023704452  000000000008200000000000000000000000000000000000000000000000000000000000000000000000000000000000000000000000000000000                          0000000000                                                                  000057
1021903727600017200000260206200016896                         00000000400447086235000000000000000000000000060220092126/400447000000000400447086235230921000000002040023700140  000000000008200000000000000000000000000000000000000000000000000000000000000000000000000000000000000000000000000000000                          0000000000                                                                  000058
1021903727600017200000260206200016896                         00000000400459354227000000000000000000000000060220092126/400459300000000400459354227230921000000000810023704602  000000000008200000000000000000000000000000000000000000000000000000000000000000000000000000000000000000000000000000000                          7600000000                                                                  000059
1021903727600017200000260206200016896                         00000000400463099444000000000000000000000000060220092126/400463000000000400463099444230921000000100000023704143  000000000008200000000000000000000000000000000000000000000000000000000000000000000000000000000000000000000000000000000                          7600000000                                                                  000060
1021903727600017200000260206200016896                         00000000400477488397000000000000000000000000060220092126/400477400000000400477488397230921000000002000023704152  000000000008200000000000000000000000000000000000000000000000000000000000000000000000000000000000000000000000000000000                          0000000000                                                                  000061
1021903727600017200000260206200016896                         00000000400481173945000000000000000000000000060220092126/400481100000000400481173945230921000000020000023704159  000000000008200000000000000000000000000000000000000000000000000000000000000000000000000000000000000000000000000000000                          0000000000                                                                  000062
1021903727600017200000260206200016896                         00000000400504244012000000000000000000000000060220092126/400504200000000400504244012230921000000005000023704422  000000000008200000000000000000000000000000000000000000000000000000000000000000000000000000000000000000000000000000000                          0000000000                                                                  000063
1021903727600017200000260206200016896                         00000000400510233081000000000000000000000000060220092126/400510200000000400510233081230921000000001200023700320  000000000008200000000000000000000000000000000000000000000000000000000000000000000000000000000000000000000000000000000                          0000000000                                                                  000064
1021903727600017200000260206200016896                         00000000400511236416000000000000000000000000060220092126/400511200000000400511236416220921000000000800023700320  000000000008200000000000000000000000000000000000000000000000000000000000000000000000000000000000000000000000000000000                          0000000000                                                                  000065
1021903727600017200000260206200016896                         00000000400547862550000000000000000000000000060220092126/400547800000000400547862550230921000000000800023704159  000000000008200000000000000000000000000000000000000000000000000000000000000000000000000000000000000000000000000000000                          0000000000                                                                  000066
1021903727600017200000260206200016896                         00000000400556439210000000000000000000000000060220092126/400556400000000400556439210230921000000012000023704422  000000000008200000000000000000000000000000000000000000000000000000000000000000000000000000000000000000000000000000000                          0000000000                                                                  000067
1021903727600017200000260206200016896                         00000000400601052306000000000000000000000000060220092126/400601000000000400601052306230921000000000800023704452  000000000008200000000000000000000000000000000000000000000000000000000000000000000000000000000000000000000000000000000                          0000000000                                                                  000068
1021903727600017200000260206200016896                         00000000400602150719000000000000000000000000060220092126/400602100000000400602150719230921000000000800023704159  000000000008200000000000000000000000000000000000000000000000000000000000000000000000000000000000000000000000000000000                          0000000000                                                                  000069
1021903727600017200000260206200016896                         00000000400605051851000000000000000000000000060220092126/400605000000000400605051851230921000000000810023702062  000000000008200000000000000000000000000000000000000000000000000000000000000000000000000000000000000000000000000000000                          0000000000                                                                  000070
1021903727600017200000260206200016896                         00000000400636546107000000000000000000000000060220092126/400636500000000400636546107230921000000012000023704143  000000000008200000000000000000000000000000000000000000000000000000000000000000000000000000000000000000000000000000000                          0000000000                                                                  000071
1021903727600017200000260206200016896                         00000000400650764885000000000000000000000000060220092126/400650700000000400650764885230921000000000800023704159  000000000008200000000000000000000000000000000000000000000000000000000000000000000000000000000000000000000000000000000                          0000000000                                                                  000072
1021903727600017200000260206200016896                         00000000400652052335000000000000000000000000060220092126/400652000000000400652052335230921000000004500023704143  000000000008200000000000000000000000000000000000000000000000000000000000000000000000000000000000000000000000000000000                          0000000000                                                                  000073
1021903727600017200000260206200016896                         00000000400671462595000000000000000000000000060220092126/400671400000000400671462595220921000000000800023700320  000000000008200000000000000000000000000000000000000000000000000000000000000000000000000000000000000000000000000000000                          0000000000                                                                  000074
1021903727600017200000260206200016896                         00000000400687757706000000000000000000000000060220092126/400687700000000400687757706200921000000001800023700320  000000000008200000000000000000000000000000000000000000000000000000000000000000000000000000000000000000000000000000000                          0000000000                                                                  000075
1021903727600017200000260206200016896                         00000000400697224137000000000000000000000000060220092126/400697200000000400697224137230921000000000800023704452  000000000008200000000000000000000000000000000000000000000000000000000000000000000000000000000000000000000000000000000                          0000000000                                                                  000076
1021903727600017200000260206200016896                         00000000400698733183000000000000000000000000060220092126/400698700000000400698733183230921000000000800023704159  000000000008200000000000000000000000000000000000000000000000000000000000000000000000000000000000000000000000000000000                          0000000000                                                                  000077
1021903727600017200000260206200016896                         00000000400700702606000000000000000000000000060220092126/400700700000000400700702606230921000000001000023703109  000000000008200000000000000000000000000000000000000000000000000000000000000000000000000000000000000000000000000000000                          0000000000                                                                  000078
1021903727600017200000260206200016896                         00000000400701079856000000000000000000000000060220092126/400701000000000400701079856230921000000000800023704452  000000000008200000000000000000000000000000000000000000000000000000000000000000000000000000000000000000000000000000000                          0000000000                                                                  000079
1021903727600017200000260206200016896                         00000000400706037256000000000000000000000000060220092126/400706000000000400706037256210921000000000800023704452  000000000008200000000000000000000000000000000000000000000000000000000000000000000000000000000000000000000000000000000                          0000000000                                                                  000080
1021903727600017200000260206200016896                         00000000400741617028000000000000000000000000060220092126/400741600000000400741617028230921000000015000023704157  000000000008200000000000000000000000000000000000000000000000000000000000000000000000000000000000000000000000000000000                          0000000000                                                                  000081
1021903727600017200000260206200016896                         00000000400747846657000000000000000000000000060220092126/400747800000000400747846657230921000000012000023700320  000000000008200000000000000000000000000000000000000000000000000000000000000000000000000000000000000000000000000000000                          0000000000                                                                  000082
1021903727600017200000260206200016896                         00000000400756048666000000000000000000000000060220092126/400756000000000400756048666230921000000005000023704143  000000000008200000000000000000000000000000000000000000000000000000000000000000000000000000000000000000000000000000000                          7600000000                                                                  000083
1021903727600017200000260206200016896                         00000000400772342159000000000000000000000000060220092126/400772300000000400772342159230921000000007200023700321  000000000008200000000000000000000000000000000000000000000000000000000000000000000000000000000000000000000000000000000                          0000000000                                                                  000084
1021903727600017200000260206200016896                         00000000400803261039000000000000000000000000060220092126/400803200000000400803261039230921000000003000023704151  000000000008200000000000000000000000000000000000000000000000000000000000000000000000000000000000000000000000000000000                          0000000000                                                                  000085
1021903727600017200000260206200016896                         00000000400813666495000000000000000000000000060220092126/400813600000000400813666495230921000000000800023704602  000000000008200000000000000000000000000000000000000000000000000000000000000000000000000000000000000000000000000000000                          0000000000                                                                  000086
1021903727600017200000260206200016896                         00000000400824040792000000000000000000000000060220092126/400824000000000400824040792230921000000002000023700389  000000000008200000000000000000000000000000000000000000000000000000000000000000000000000000000000000000000000000000000                          0000000000                                                                  000087
1021903727600017200000260206200016896                         00000000400858852621000000000000000000000000060220092126/400858800000000400858852621230921000000012000023703109  000000000008200000000000000000000000000000000000000000000000000000000000000000000000000000000000000000000000000000000                          0000000000                                                                  000088
1021903727600017200000260206200016896                         00000000400884834100000000000000000000000000060220092126/400884800000000400884834100230921000000012000023704154  000000000008200000000000000000000000000000000000000000000000000000000000000000000000000000000000000000000000000000000                          0000000000                                                                  000089
1021903727600017200000260206200016896                         00000000400892698895000000000000000000000000060220092126/400892600000000400892698895230921000000001130023704159  000000000008200000000000000000000000000000000000000000000000000000000000000000000000000000000000000000000000000000000                          7600000000                                                                  000090
1021903727600017200000260206200016896                         00000000400892763654000000000000000000000000060220092126/400892700000000400892763654230921000000000800023704159  000000000008200000000000000000000000000000000000000000000000000000000000000000000000000000000000000000000000000000000                          0000000000                                                                  000091
1021903727600017200000260206200016896                         00000000400897030272000000000000000000000000060220092126/400897000000000400897030272230921000000001360023704158  000000000008200000000000000000000000000000000000000000000000000000000000000000000000000000000000000000000000000000000                          0000000000                                                                  000092
1021903727600017200000260206200016896                         00000000400919118055000000000000000000000000060220092126/400919100000000400919118055220921000000000800023700320  000000000008200000000000000000000000000000000000000000000000000000000000000000000000000000000000000000000000000000000                          0000000000                                                                  000093
1021903727600017200000260206200016896                         00000000400929357082000000000000000000000000060220092126/400929300000000400929357082230921000000001710023700140  000000000008200000000000000000000000000000000000000000000000000000000000000000000000000000000000000000000000000000000                          0000000000                                                                  000094
1021903727600017200000260206200016896                         00000000400930673419000000000000000000000000060220092126/400930600000000400930673419230921000000001000023704452  000000000008200000000000000000000000000000000000000000000000000000000000000000000000000000000000000000000000000000000                          0000000000                                                                  000095
1021903727600017200000260206200016896                         00000000400931243493000000000000000000000000060220092126/400931200000000400931243493230921000000200000023704143  000000000008200000000000000000000000000000000000000000000000000000000000000000000000000000000000000000000000000000000                          7600000000                                                                  000096
1021903727600017200000260206200016896                         00000000400939375119000000000000000000000000060220092126/400939300000000400939375119230921000000000800023700435  000000000008200000000000000000000000000000000000000000000000000000000000000000000000000000000000000000000000000000000                          0000000000                                                                  000097
1021903727600017200000260206200016896                         00000000400957802393000000000000000000000000060220092126/400957800000000400957802393230921000000000800023704159  000000000008200000000000000000000000000000000000000000000000000000000000000000000000000000000000000000000000000000000                          0000000000                                                                  000098
1021903727600017200000260206200016896                         00000000400965354790000000000000000000000000060220092126/400965300000000400965354790230921000000000830023704602  000000000008200000000000000000000000000000000000000000000000000000000000000000000000000000000000000000000000000000000                          7600000000                                                                  000099
1021903727600017200000260206200016896                         00000000400972620277000000000000000000000000060220092126/400972600000000400972620277230921000000014000023704157  000000000008200000000000000000000000000000000000000000000000000000000000000000000000000000000000000000000000000000000                          0000000000                                                                  000100
1021903727600017200000260206200016896                         00000000400980061597000000000000000000000000060220092126/400980000000000400980061597230921000000001000023704452  000000000008200000000000000000000000000000000000000000000000000000000000000000000000000000000000000000000000000000000                          0000000000                                                                  000101
1021903727600017200000260206200016896                         00000000600145165895000000000000000000000000060220092126/600145100000000600145165895220921000000000069923704400  000000000008200000000000000000000000000000000000000000000000000000000000000000000000000000000000000000000000000000000                          0000000000                                                                  000102
1021903727600017200000260206200016896                         0000000060016584666P000000000000000000000000060220092126/60016580000000060016584666P210921000000000500023700408  000000000008200000000000000000000000000000000000000000000000000000000000000000000000000000000000000000000000000000000                          7600000000                                                                  000103
1021903727600017200000260206200016896                         00000000600255063907000000000000000000000000060220092126/600255000000000600255063907210921000000000319923702062  000000000008200000000000000000000000000000000000000000000000000000000000000000000000000000000000000000000000000000000                          0000000000                                                                  000104
1021903727600017200000260206200016896                         00000000600467312958000000000000000000000000060220092126/600467300000000600467312958210921000000000319923702062  000000000008200000000000000000000000000000000000000000000000000000000000000000000000000000000000000000000000000000000                          0000000000                                                                  000105
1021903727600017200000260206200016896                         00000000600613641314000000000000000000000000060220092126/600613600000000600613641314210921000000000119923704152  000000000008200000000000000000000000000000000000000000000000000000000000000000000000000000000000000000000000000000000                          0000000000                                                                  000106
1021903727600017200000260206200016896                         00000000600645719692000000000000000000000000060220092126/600645700000000600645719692210921000000000319923702062  000000000008200000000000000000000000000000000000000000000000000000000000000000000000000000000000000000000000000000000                          0000000000                                                                  000107
1021903727600017200000260206200016896                         00000000600749964672000000000000000000000000060220092126/600749900000000600749964672210921000000000319923702062  000000000008200000000000000000000000000000000000000000000000000000000000000000000000000000000000000000000000000000000                          0000000000                                                                  000108
1021903727600017200000260206200016896                         0000000060096678075P000000000000000000000000060220092126/60096670000000060096678075P230921000000000520023702062  000000000008200000000000000000000000000000000000000000000000000000000000000000000000000000000000000000000000000000000                          7600000000                                                                  000109
1021903727600017200000260206200016896                         00000000100031405680000000000000000000000000060620092126/100031400000000100031405680210921000000000540063300001  000000000000000000000000000000000000000000000000000000000000000000000000000000000000000540000000000000000000000000000   210921             00000000000000                                                                  000110
1021903727600017200000260206200016896                         00000000100031406962000000000000000000000000060620092126/100031400000000100031406962210921000000022913534106805  000000000000000000000000000000000000000000000000000000000000000000000000000000000000022913500000000000000000000000000   210921             00000000000000                                                                  000111
1021903727600017200000260206200016896                         00000000100031408728000000000000000000000000060620092126/100031400000000100031408728210921000000001960026000001  000000000000000000000000000000000000000000000000000000000000000000000000000000000000001960000000000000000000000000000   210921             00000000000000                                                                  000112
1021903727600017200000260206200016896                         00000000100031447006000000000000000000000000060620092126/100031400000000100031447006210921000000001788334108570  000000000000000000000000000000000000000000000000000000000000000000000000000000000000001788300000000000000000000000000   210921             00000000000000                                                                  000113
1021903727600017200000260206200016896                         00000000200149322288000000000000000000000000060620092126/200149300000000200149322288230921000000000223503303835  000000000000000000000000000000000000000000000000000000000000000000000000000000000000000223500000000000000000000000000   210921             00000000000000                                                                  000114
1021903727600017200000260206200016896                         0000000020030724107P000000000000000000000000060620092126/20030720000000020030724107P230921000000000319934109278  000000000000000000000000000000000000000000000000000000000000000000000000000000000000000319900000000000000000000000000   210921             00000000000000                                                                  000115
1021903727600017200000260206200016896                         00000000200326839008000000000000000000000000060620092126/200326800000000200326839008230921000000002500023700087  000000000000000000000000000000000000000000000000000000000000000000000000000000000000002500000000000000000000000000000   210921             00000000000000                                                                  000116
1021903727600017200000260206200016896                         00000000200396005163000000000000000000000000060620092126/200396000000000200396005163230921000000000750034103767  000000000000000000000000000000000000000000000000000000000000000000000000000000000000000750000000000000000000000000000   210921             00000000000000                                                                  000117
1021903727600017200000260206200016896                         00000000200634524018000000000000000000000000060620092126/200634500000000200634524018230921000000000319926000001  000000000000000000000000000000000000000000000000000000000000000000000000000000000000000319900000000000000000000000000   210921             00000000000000                                                                  000118
1021903727600017200000260206200016896                         00000000200682771094000000000000000000000000060620092126/200682700000000200682771094230921000000000319910400349  000000000000000000000000000000000000000000000000000000000000000000000000000000000000000319900000000000000000000000000   210921             00000000000000                                                                  000119
1021903727600017200000260206200016896                         00000000200779818907000000000000000000000000060620092126/200779800000000200779818907230921000000000319926000001  000000000000000000000000000000000000000000000000000000000000000000000000000000000000000319900000000000000000000000000   210921             00000000000000                                                                  000120
1021903727600017200000260206200016896                         00000000200907436001000000000000000000000000060620092126/200907400000000200907436001230921000000000600034101624  000000000000000000000000000000000000000000000000000000000000000000000000000000000000000600000000000000000000000000000   210921             00000000000000                                                                  000121
1021903727600017200000260206200016896                         00000000200974941144000000000000000000000000060620092126/200974900000000200974941144220921000000000194475600739  000000000000000000000000000000000000000000000000000000000000000000000000000000000000000194400000000000000000000000000   210921             00000000000000                                                                  000122
1021903727600017200000260206200016896                         00000000400057647678000000000000000000000000060620092126/400057600000000400057647678230921000000007000075604327  000000000000000000000000000000000000000000000000000000000000000000000000000000000000007000000000000000000000000000000   210921             00000000000000                                                                  000123
1021903727600017200000260206200016896                         00000000400072140172000000000000000000000000060620092126/400072100000000400072140172220921000000000800075604327  000000000000000000000000000000000000000000000000000000000000000000000000000000000000000800000000000000000000000000000   210921             00000000000000                                                                  000124
1021903727600017200000260206200016896                         00000000400093181766000000000000000000000000060620092126/400093100000000400093181766230921000000003000034103377  000000000000000000000000000000000000000000000000000000000000000000000000000000000000003000000000000000000000000000000   210921             00000000000000                                                                  000125
1021903727600017200000260206200016896                         00000000400114509031000000000000000000000000060620092126/400114500000000400114509031230921000000010000065500001  000000000000000000000000000000000000000000000000000000000000000000000000000000000000010000000000000000000000000000000   210921             00000000000000                                                                  000126
1021903727600017200000260206200016896                         00000000400114548614000000000000000000000000060620092126/400114500000000400114548614230921000000002500023702835  000000000000000000000000000000000000000000000000000000000000000000000000000000000000002500000000000000000000000000000   210921             00000000000000                                                                  000127
1021903727600017200000260206200016896                         00000000400130517095000000000000000000000000060620092126/400130500000000400130517095230921000000003000023700536  000000000000000000000000000000000000000000000000000000000000000000000000000000000000003000000000000000000000000000000   210921             00000000000000                                                                  000128
1021903727600017200000260206200016896                         00000000400130694949000000000000000000000000060620092126/400130600000000400130694949200921000000012000002100112  000000000000000000000000000000000000000000000000000000000000000000000000000000000000012000000000000000000000000000000   210921             00000000000000                                                                  000129
1021903727600017200000260206200016896                         00000000400139638103000000000000000000000000060620092126/400139600000000400139638103230921000000000800010403189  000000000000000000000000000000000000000000000000000000000000000000000000000000000000000800000000000000000000000000000   210921             00000000000000                                                                  000130
1021903727600017200000260206200016896                         00000000400143137623000000000000000000000000060620092126/400143100000000400143137623230921000000001000026000001  000000000000000000000000000000000000000000000000000000000000000000000000000000000000001000000000000000000000000000000   210921             00000000000000                                                                  000131
1021903727600017200000260206200016896                         00000000400144380432000000000000000000000000060620092126/400144300000000400144380432230921000000000960023702151  000000000000000000000000000000000000000000000000000000000000000000000000000000000000000960000000000000000000000000000   210921             00000000000000                                                                  000132
1021903727600017200000260206200016896                         00000000400155222030000000000000000000000000060620092126/400155200000000400155222030230921000000001500026000001  000000000000000000000000000000000000000000000000000000000000000000000000000000000000001500000000000000000000000000000   210921             00000000000000                                                                  000133
1021903727600017200000260206200016896                         00000000400265393817000000000000000000000000060620092126/400265300000000400265393817230921000000000820075604327  000000000000000000000000000000000000000000000000000000000000000000000000000000000000000820000000000000000000000000000   210921             00000000000000                                                                  000134
1021903727600017200000260206200016896                         00000000400266656277000000000000000000000000060620092126/400266600000000400266656277230921000000005460075604327  000000000000000000000000000000000000000000000000000000000000000000000000000000000000005460000000000000000000000000000   210921             00000000000000                                                                  000135
1021903727600017200000260206200016896                         00000000400280381949000000000000000000000000060620092126/400280300000000400280381949230921000000000800000103192  000000000000000000000000000000000000000000000000000000000000000000000000000000000000000800000000000000000000000000000   210921             00000000000000                                                                  000136
1021903727600017200000260206200016896                         00000000400340430278000000000000000000000000060620092126/400340400000000400340430278210921000000001500010403880  000000000000000000000000000000000000000000000000000000000000000000000000000000000000001500000000000000000000000000000   210921             00000000000000                                                                  000137
1021903727600017200000260206200016896                         00000000400365908962000000000000000000000000060620092126/400365900000000400365908962230921000000000800075604327  000000000000000000000000000000000000000000000000000000000000000000000000000000000000000800000000000000000000000000000   210921             00000000000000                                                                  000138
1021903727600017200000260206200016896                         00000000400365961227000000000000000000000000060620092126/400365900000000400365961227230921000000001500010403880  000000000000000000000000000000000000000000000000000000000000000000000000000000000000001500000000000000000000000000000   210921             00000000000000                                                                  000139
1021903727600017200000260206200016896                         00000000400368062037000000000000000000000000060620092126/400368000000000400368062037230921000000000800075604327  000000000000000000000000000000000000000000000000000000000000000000000000000000000000000800000000000000000000000000000   210921             00000000000000                                                                  000140
1021903727600017200000260206200016896                         00000000400382334961000000000000000000000000060620092126/400382300000000400382334961230921000000002500010404692  000000000000000000000000000000000000000000000000000000000000000000000000000000000000002500000000000000000000000000000   210921             00000000000000                                                                  000141
1021903727600017200000260206200016896                         00000000400422848564000000000000000000000000060620092126/400422800000000400422848564230921000000000800075600259  000000000000000000000000000000000000000000000000000000000000000000000000000000000000000800000000000000000000000000000   210921             00000000000000                                                                  000142
1021903727600017200000260206200016896                         00000000400434217462000000000000000000000000060620092126/400434200000000400434217462230921000000000820075600259  000000000000000000000000000000000000000000000000000000000000000000000000000000000000000820000000000000000000000000000   210921             00000000000000                                                                  000143
1021903727600017200000260206200016896                         00000000400447086235000000000000000000000000060620092126/400447000000000400447086235230921000000002040007000264  000000000000000000000000000000000000000000000000000000000000000000000000000000000000002040000000000000000000000000000   210921             00000000000000                                                                  000144
1021903727600017200000260206200016896                         00000000400459354227000000000000000000000000060620092126/400459300000000400459354227230921000000000810075600259  000000000000000000000000000000000000000000000000000000000000000000000000000000000000000810000000000000000000000000000   210921             00000000000000                                                                  000145
1021903727600017200000260206200016896                         00000000400463099444000000000000000000000000060620092126/400463000000000400463099444230921000000100000026000001  000000000000000000000000000000000000000000000000000000000000000000000000000000000000100000000000000000000000000000000   210921             00000000000000                                                                  000146
1021903727600017200000260206200016896                         00000000400477488397000000000000000000000000060620092126/400477400000000400477488397230921000000002000010404232  000000000000000000000000000000000000000000000000000000000000000000000000000000000000002000000000000000000000000000000   210921             00000000000000                                                                  000147
1021903727600017200000260206200016896                         00000000400481173945000000000000000000000000060620092126/400481100000000400481173945230921000000020000010401580  000000000000000000000000000000000000000000000000000000000000000000000000000000000000020000000000000000000000000000000   210921             00000000000000                                                                  000148
1021903727600017200000260206200016896                         00000000400504244012000000000000000000000000060620092126/400504200000000400504244012230921000000005000023703052  000000000000000000000000000000000000000000000000000000000000000000000000000000000000005000000000000000000000000000000   210921             00000000000000                                                                  000149
1021903727600017200000260206200016896                         00000000400510233081000000000000000000000000060620092126/400510200000000400510233081230921000000001200063300001  000000000000000000000000000000000000000000000000000000000000000000000000000000000000001200000000000000000000000000000   210921             00000000000000                                                                  000150
1021903727600017200000260206200016896                         00000000400511236416000000000000000000000000060620092126/400511200000000400511236416220921000000000800075604327  000000000000000000000000000000000000000000000000000000000000000000000000000000000000000800000000000000000000000000000   210921             00000000000000                                                                  000151
1021903727600017200000260206200016896                         00000000400546627671000000000000000000000000060620092126/400546600000000400546627671190921000000002150010400422  000000000000000000000000000000000000000000000000000000000000000000000000000000000000002150000000000000000000000000000   210921             00000000000000                                                                  000152
1021903727600017200000260206200016896                         00000000400556439210000000000000000000000000060620092126/400556400000000400556439210230921000000012000063300001  000000000000000000000000000000000000000000000000000000000000000000000000000000000000012000000000000000000000000000000   210921             00000000000000                                                                  000153
1021903727600017200000260206200016896                         0000000040058046627P000000000000000000000000060620092126/40058040000000040058046627P190921000000012000002100112  000000000000000000000000000000000000000000000000000000000000000000000000000000000000012000000000000000000000000000000   210921             00000000000000                                                                  000154
1021903727600017200000260206200016896                         00000000400601052306000000000000000000000000060620092126/400601000000000400601052306230921000000000800010401559  000000000000000000000000000000000000000000000000000000000000000000000000000000000000000800000000000000000000000000000   210921             00000000000000                                                                  000155
1021903727600017200000260206200016896                         00000000400605051851000000000000000000000000060620092126/400605000000000400605051851230921000000000810075604327  000000000000000000000000000000000000000000000000000000000000000000000000000000000000000810000000000000000000000000000   210921             00000000000000                                                                  000156
1021903727600017200000260206200016896                         00000000400636546107000000000000000000000000060620092126/400636500000000400636546107230921000000012000063300001  000000000000000000000000000000000000000000000000000000000000000000000000000000000000012000000000000000000000000000000   210921             00000000000000                                                                  000157
1021903727600017200000260206200016896                         00000000400652052335000000000000000000000000060620092126/400652000000000400652052335230921000000004500010403646  000000000000000000000000000000000000000000000000000000000000000000000000000000000000004500000000000000000000000000000   210921             00000000000000                                                                  000158
1021903727600017200000260206200016896                         00000000400671462595000000000000000000000000060620092126/400671400000000400671462595220921000000000800075604327  000000000000000000000000000000000000000000000000000000000000000000000000000000000000000800000000000000000000000000000   210921             00000000000000                                                                  000159
1021903727600017200000260206200016896                         00000000400697224137000000000000000000000000060620092126/400697200000000400697224137230921000000000800075604327  000000000000000000000000000000000000000000000000000000000000000000000000000000000000000800000000000000000000000000000   210921             00000000000000                                                                  000160
1021903727600017200000260206200016896                         00000000400700702606000000000000000000000000060620092126/400700700000000400700702606230921000000001000075604327  000000000000000000000000000000000000000000000000000000000000000000000000000000000000001000000000000000000000000000000   210921             00000000000000                                                                  000161
1021903727600017200000260206200016896                         00000000400701079856000000000000000000000000060620092126/400701000000000400701079856230921000000000800075604327  000000000000000000000000000000000000000000000000000000000000000000000000000000000000000800000000000000000000000000000   210921             00000000000000                                                                  000162
1021903727600017200000260206200016896                         00000000400706037256000000000000000000000000060620092126/400706000000000400706037256210921000000000800000101218  000000000000000000000000000000000000000000000000000000000000000000000000000000000000000800000000000000000000000000000   210921             00000000000000                                                                  000163
1021903727600017200000260206200016896                         00000000400741617028000000000000000000000000060620092126/400741600000000400741617028230921000000015000010400389  000000000000000000000000000000000000000000000000000000000000000000000000000000000000015000000000000000000000000000000   210921             00000000000000                                                                  000164
1021903727600017200000260206200016896                         00000000400747846657000000000000000000000000060620092126/400747800000000400747846657230921000000012000023703733  000000000000000000000000000000000000000000000000000000000000000000000000000000000000012000000000000000000000000000000   210921             00000000000000                                                                  000165
1021903727600017200000260206200016896                         00000000400756048666000000000000000000000000060620092126/400756000000000400756048666230921000000005000023701555  000000000000000000000000000000000000000000000000000000000000000000000000000000000000005000000000000000000000000000000   210921             00000000000000                                                                  000166
1021903727600017200000260206200016896                         00000000400772342159000000000000000000000000060620092126/400772300000000400772342159230921000000007200010401859  000000000000000000000000000000000000000000000000000000000000000000000000000000000000007200000000000000000000000000000   210921             00000000000000                                                                  000167
1021903727600017200000260206200016896                         00000000400813666495000000000000000000000000060620092126/400813600000000400813666495230921000000000800075604327  000000000000000000000000000000000000000000000000000000000000000000000000000000000000000800000000000000000000000000000   210921             00000000000000                                                                  000168
1021903727600017200000260206200016896                         00000000400824040792000000000000000000000000060620092126/400824000000000400824040792230921000000002000000103179  000000000000000000000000000000000000000000000000000000000000000000000000000000000000002000000000000000000000000000000   210921             00000000000000                                                                  000169
1021903727600017200000260206200016896                         00000000400858852621000000000000000000000000060620092126/400858800000000400858852621230921000000012000023701514  000000000000000000000000000000000000000000000000000000000000000000000000000000000000012000000000000000000000000000000   210921             00000000000000                                                                  000170
1021903727600017200000260206200016896                         00000000400892698895000000000000000000000000060620092126/400892600000000400892698895230921000000001130003304048  000000000000000000000000000000000000000000000000000000000000000000000000000000000000001130000000000000000000000000000   210921             00000000000000                                                                  000171
1021903727600017200000260206200016896                         00000000400897030272000000000000000000000000060620092126/400897000000000400897030272230921000000001360000102020  000000000000000000000000000000000000000000000000000000000000000000000000000000000000001360000000000000000000000000000   210921             00000000000000                                                                  000172
1021903727600017200000260206200016896                         00000000400919118055000000000000000000000000060620092126/400919100000000400919118055220921000000000800075604327  000000000000000000000000000000000000000000000000000000000000000000000000000000000000000800000000000000000000000000000   210921             00000000000000                                                                  000173
1021903727600017200000260206200016896                         00000000400929357082000000000000000000000000060620092126/400929300000000400929357082230921000000001710010403136  000000000000000000000000000000000000000000000000000000000000000000000000000000000000001710000000000000000000000000000   210921             00000000000000                                                                  000174
1021903727600017200000260206200016896                         00000000400930673419000000000000000000000000060620092126/400930600000000400930673419230921000000001000075604327  000000000000000000000000000000000000000000000000000000000000000000000000000000000000001000000000000000000000000000000   210921             00000000000000                                                                  000175
1021903727600017200000260206200016896                         00000000400939375119000000000000000000000000060620092126/400939300000000400939375119230921000000000800010400043  000000000000000000000000000000000000000000000000000000000000000000000000000000000000000800000000000000000000000000000   210921             00000000000000                                                                  000176
1021903727600017200000260206200016896                         00000000400965354790000000000000000000000000060620092126/400965300000000400965354790230921000000000830075600259  000000000000000000000000000000000000000000000000000000000000000000000000000000000000000830000000000000000000000000000   210921             00000000000000                                                                  000177
1021903727600017200000260206200016896                         00000000400972620277000000000000000000000000060620092126/400972600000000400972620277230921000000014000010400389  000000000000000000000000000000000000000000000000000000000000000000000000000000000000014000000000000000000000000000000   210921             00000000000000                                                                  000178
1021903727600017200000260206200016896                         00000000600645719692000000000000000000000000060620092126/600645700000000600645719692210921000000000319921200001  000000000000000000000000000000000000000000000000000000000000000000000000000000000000000319900000000000000000000000000   210921             00000000000000                                                                  000179
1021903727600017200000260206200016896                         0000000060096678075P000000000000000000000000060620092126/60096670000000060096678075P230921000000000520065500001  000000000000000000000000000000000000000000000000000000000000000000000000000000000000000520000000000000000000000000000   210921             00000000000000                                                                  000180
1021903727600017200000260206200016896                         00000000100030809125000000000000000000000000061020092126/100030800000000100030809125200721000000000471923700000  000000000000000000000000000000000000000000000000000000000000000000000000000000000000000000000000000000000000000000000                          1600000000                                                                  000181
1021903727600017200000260206200016896                         00000000200217475411000000000000000000000000061020092126/200217400000000200217475411210721000000000418923700000  000000000000000000000000000000000000000000000000000000000000000000000000000000000000000000000000000000000000000000000                          1600000000                                                                  000182
1021903727600017200000260206200016896                         00000000200671649777000000000000000000000000061020092126/200671600000000200671649777200721000000000269923700000  000000000000000000000000000000000000000000000000000000000000000000000000000000000000000000000000000000000000000000000                          1600000000                                                                  000183
1021903727600017200000260206200016896                         00000000200902724556000000000000000000000000061020092126/200902700000000200902724556200721000000000274023700000  000000000000000000000000000000000000000000000000000000000000000000000000000000000000000000000000000000000000000000000                          1600000000                                                                  000184
1021903727600017200000260206200016896                         00000000400232217142000000000000000000000000061020092126/400232200000000400232217142190721000000001520023700000  000000000000000000000000000000000000000000000000000000000000000000000000000000000000000000000000000000000000000000000                          1600000000                                                                  000185
1021903727600017200000260206200016896                         00000000400299671263000000000000000000000000061020092126/400299600000000400299671263200721000000001000023700000  000000000000000000000000000000000000000000000000000000000000000000000000000000000000000000000000000000000000000000000                          1600000000                                                                  000186
1021903727600017200000260206200016896                         00000000400313217996000000000000000000000000061020092126/400313200000000400313217996190721000000004650023700000  000000000000000000000000000000000000000000000000000000000000000000000000000000000000000000000000000000000000000000000                          1600000000                                                                  000187
1021903727600017200000260206200016896                         00000000400548398394000000000000000000000000061020092126/400548300000000400548398394190721000000008000023700000  000000000000000000000000000000000000000000000000000000000000000000000000000000000000000000000000000000000000000000000                          1600000000                                                                  000188
1021903727600017200000260206200016896                         00000000400702607988000000000000000000000000061020092126/400702600000000400702607988190721000000011650023700000  000000000000000000000000000000000000000000000000000000000000000000000000000000000000000000000000000000000000000000000                          1600000000                                                                  000189
1021903727600017200000260206200016896                         00000000400703423198000000000000000000000000061020092126/400703400000000400703423198190721000000001400023700000  000000000000000000000000000000000000000000000000000000000000000000000000000000000000000000000000000000000000000000000                          1600000000                                                                  000190
1021903727600017200000260206200016896                         00000000400779941457000000000000000000000000061020092126/400779900000000400779941457190721000000006800023700000  000000000000000000000000000000000000000000000000000000000000000000000000000000000000000000000000000000000000000000000                          1600000000                                                                  000191
1021903727600017200000260206200016896                         00000000400833404209000000000000000000000000061020092126/400833400000000400833404209190721000000002000023700000  000000000000000000000000000000000000000000000000000000000000000000000000000000000000000000000000000000000000000000000                          1600000000                                                                  000192
1021903727600017200000260206200016896                         00000000400908308979000000000000000000000000061020092126/400908300000000400908308979190721000000001470023700000  000000000000000000000000000000000000000000000000000000000000000000000000000000000000000000000000000000000000000000000                          1600000000                                                                  000193
1021903727600017200000260206200016896                         00000000400958518923000000000000000000000000061020092126/400958500000000400958518923200721000000001800023700000  000000000000000000000000000000000000000000000000000000000000000000000000000000000000000000000000000000000000000000000                          1600000000                                                                  000194
1021903727600017200000260206200016896                         00000000400978393914000000000000000000000000061020092126/400978300000000400978393914200721000000005000023700000  000000000000000000000000000000000000000000000000000000000000000000000000000000000000000000000000000000000000000000000                          1600000000                                                                  000195
1021903727600017200000260206200016896                         00000000600155162290000000000000000000000000061020092126/600155100000000600155162290190721000000000069923700000  000000000000000000000000000000000000000000000000000000000000000000000000000000000000000000000000000000000000000000000                          1600000000                                                                  000196
1021903727600017200000260206200016896                         00000000600720287558000000000000000000000000061020092126/600720200000000600720287558190721000000000069923700000  000000000000000000000000000000000000000000000000000000000000000000000000000000000000000000000000000000000000000000000                          1600000000                                                                  000197
1021903727600017200000260206200016896                         0000000060076591328P000000000000000000000000061020092126/60076590000000060076591328P190721000000000199923700000  000000000000000000000000000000000000000000000000000000000000000000000000000000000000000000000000000000000000000000000                          1600000000                                                                  000198
1021903727600017200000260206200016896                         00000000600777574901000000000000000000000000061020092126/600777500000000600777574901190721000000000219923700000  000000000000000000000000000000000000000000000000000000000000000000000000000000000000000000000000000000000000000000000                          1600000000                                                                  000199
1021903727600017200000260206200016896                         00000000600946589352000000000000000000000000061020092126/600946500000000600946589352190721000000000069923700000  000000000000000000000000000000000000000000000000000000000000000000000000000000000000000000000000000000000000000000000                          1600000000                                                                  000200
9201237          000007790000002279648300000770          00108000006614818000003478892000710000034788920002000000047354200000000000000000000000000000000000000000000000000000000000000000000                                                                                                                                                                              00000000000000000000000         000201
