02RETORNO01COBRANCA       00000000000005034448E-PREPAG ADMINISTRADORA DE CAR237BRADESCO       2109210160000000771                                                                                                                                                                                                                                                                          220921         000001
1021903727600017200000260206200016896                         00000000100031385280000000000000000000000000060221092126/100031300000000100031385280210921000000005774623704151  000000000008200000000000000000000000000000000000000000000000000000000000000000000000000000000000000000000000000000000                          7600000000                                                                  000002
1021903727600017200000260206200016896                         00000000100031408892000000000000000000000000060221092126/100031400000000100031408892210921000000000156823704144  000000000008200000000000000000000000000000000000000000000000000000000000000000000000000000000000000000000000000000000                          7600000000                                                                  000003
1021903727600017200000260206200016896                         00000000100031411842000000000000000000000000060221092126/100031400000000100031411842210921000000012873723704159  000000000008200000000000000000000000000000000000000000000000000000000000000000000000000000000000000000000000000000000                          0000000000                                                                  000004
1021903727600017200000260206200016896                         00000000100031412954000000000000000000000000060221092126/100031400000000100031412954210921000000001618223704436  000000000008200000000000000000000000000000000000000000000000000000000000000000000000000000000000000000000000000000000                          0000000000                                                                  000005
1021903727600017200000260206200016896                         0000000020032712102P000000000000000000000000060221092126/20032710000000020032712102P240921000000000644523702062  000000000008200000000000000000000000000000000000000000000000000000000000000000000000000000000000000000000000000000000                          7600000000                                                                  000006
1021903727600017200000260206200016896                         00000000200375041992000000000000000000000000060221092126/200375000000000200375041992240921000000000319923704436  000000000008200000000000000000000000000000000000000000000000000000000000000000000000000000000000000000000000000000000                          0000000000                                                                  000007
1021903727600017200000260206200016896                         0000000020072853758P000000000000000000000000060221092126/20072850000000020072853758P240921000000000500023704151  000000000008200000000000000000000000000000000000000000000000000000000000000000000000000000000000000000000000000000000                          0000000000                                                                  000008
1021903727600017200000260206200016896                         00000000400089502973000000000000000000000000060221092126/400089500000000400089502973240921000000000800023704159  000000000008200000000000000000000000000000000000000000000000000000000000000000000000000000000000000000000000000000000                          0000000000                                                                  000009
1021903727600017200000260206200016896                         00000000400114168773000000000000000000000000060221092126/400114100000000400114168773240921000000000800023704159  000000000008200000000000000000000000000000000000000000000000000000000000000000000000000000000000000000000000000000000                          0000000000                                                                  000010
1021903727600017200000260206200016896                         00000000400117119560000000000000000000000000060221092126/400117100000000400117119560240921000000000800023700320  000000000008200000000000000000000000000000000000000000000000000000000000000000000000000000000000000000000000000000000                          0000000000                                                                  000011
1021903727600017200000260206200016896                         00000000400161348941000000000000000000000000060221092126/400161300000000400161348941240921000000004000023700140  000000000008200000000000000000000000000000000000000000000000000000000000000000000000000000000000000000000000000000000                          0000000000                                                                  000012
1021903727600017200000260206200016896                         00000000400179807145000000000000000000000000060221092126/400179800000000400179807145240921000000004000023704602  000000000008200000000000000000000000000000000000000000000000000000000000000000000000000000000000000000000000000000000                          0000000000                                                                  000013
1021903727600017200000260206200016896                         0000000040019679068P000000000000000000000000060221092126/40019670000000040019679068P240921000000002500023704143  000000000008200000000000000000000000000000000000000000000000000000000000000000000000000000000000000000000000000000000                          0000000000                                                                  000014
1021903727600017200000260206200016896                         00000000400223454166000000000000000000000000060221092126/400223400000000400223454166240921000000000800023704159  000000000008200000000000000000000000000000000000000000000000000000000000000000000000000000000000000000000000000000000                          0000000000                                                                  000015
1021903727600017200000260206200016896                         00000000400244903351000000000000000000000000060221092126/400244900000000400244903351240921000000012000023704143  000000000008200000000000000000000000000000000000000000000000000000000000000000000000000000000000000000000000000000000                          7600000000                                                                  000016
1021903727600017200000260206200016896                         00000000400261847864000000000000000000000000060221092126/400261800000000400261847864240921000000000800023704159  000000000008200000000000000000000000000000000000000000000000000000000000000000000000000000000000000000000000000000000                          0000000000                                                                  000017
1021903727600017200000260206200016896                         00000000400331498838000000000000000000000000060221092126/400331400000000400331498838240921000000000800023704159  000000000008200000000000000000000000000000000000000000000000000000000000000000000000000000000000000000000000000000000                          0000000000                                                                  000018
1021903727600017200000260206200016896                         00000000400335415287000000000000000000000000060221092126/400335400000000400335415287240921000000002660023704452  000000000008200000000000000000000000000000000000000000000000000000000000000000000000000000000000000000000000000000000                          7600000000                                                                  000019
1021903727600017200000260206200016896                         00000000400339213174000000000000000000000000060221092126/400339200000000400339213174240921000000004550023704159  000000000008200000000000000000000000000000000000000000000000000000000000000000000000000000000000000000000000000000000                          0000000000                                                                  000020
1021903727600017200000260206200016896                         00000000400363065992000000000000000000000000060221092126/400363000000000400363065992240921000000000800023704159  000000000008200000000000000000000000000000000000000000000000000000000000000000000000000000000000000000000000000000000                          0000000000                                                                  000021
1021903727600017200000260206200016896                         00000000400420070469000000000000000000000000060221092126/400420000000000400420070469240921000000000800023704602  000000000008200000000000000000000000000000000000000000000000000000000000000000000000000000000000000000000000000000000                          7600000000                                                                  000022
1021903727600017200000260206200016896                         00000000400422258376000000000000000000000000060221092126/400422200000000400422258376240921000000000810023704602  000000000008200000000000000000000000000000000000000000000000000000000000000000000000000000000000000000000000000000000                          7600000000                                                                  000023
1021903727600017200000260206200016896                         00000000400481061810000000000000000000000000060221092126/400481000000000400481061810240921000000005760023702062  000000000008200000000000000000000000000000000000000000000000000000000000000000000000000000000000000000000000000000000                          0000000000                                                                  000024
1021903727600017200000260206200016896                         00000000400563229248000000000000000000000000060221092126/400563200000000400563229248240921000000000800023704159  000000000008200000000000000000000000000000000000000000000000000000000000000000000000000000000000000000000000000000000                          0000000000                                                                  000025
1021903727600017200000260206200016896                         00000000400585354631000000000000000000000000060221092126/400585300000000400585354631240921000000000800023700435  000000000008200000000000000000000000000000000000000000000000000000000000000000000000000000000000000000000000000000000                          0000000000                                                                  000026
1021903727600017200000260206200016896                         00000000400593735733000000000000000000000000060221092126/400593700000000400593735733240921000000003840023702062  000000000008200000000000000000000000000000000000000000000000000000000000000000000000000000000000000000000000000000000                          0000000000                                                                  000027
1021903727600017200000260206200016896                         00000000400610863783000000000000000000000000060221092126/400610800000000400610863783240921000000000800023704159  000000000008200000000000000000000000000000000000000000000000000000000000000000000000000000000000000000000000000000000                          0000000000                                                                  000028
1021903727600017200000260206200016896                         0000000040062408311P000000000000000000000000060221092126/40062400000000040062408311P240921000000003000023704426  000000000008200000000000000000000000000000000000000000000000000000000000000000000000000000000000000000000000000000000                          7600000000                                                                  000029
1021903727600017200000260206200016896                         00000000400654425945000000000000000000000000060221092126/400654400000000400654425945240921000000000800023704159  000000000008200000000000000000000000000000000000000000000000000000000000000000000000000000000000000000000000000000000                          0000000000                                                                  000030
1021903727600017200000260206200016896                         00000000400661510117000000000000000000000000060221092126/400661500000000400661510117240921000000007500023704144  000000000008200000000000000000000000000000000000000000000000000000000000000000000000000000000000000000000000000000000                          0000000000                                                                  000031
1021903727600017200000260206200016896                         00000000400665144018000000000000000000000000060221092126/400665100000000400665144018240921000000000820023704602  000000000008200000000000000000000000000000000000000000000000000000000000000000000000000000000000000000000000000000000                          7600000000                                                                  000032
1021903727600017200000260206200016896                         00000000400719214343000000000000000000000000060221092126/400719200000000400719214343240921000000001000023704452  000000000008200000000000000000000000000000000000000000000000000000000000000000000000000000000000000000000000000000000                          0000000000                                                                  000033
1021903727600017200000260206200016896                         00000000400723979508000000000000000000000000060221092126/400723900000000400723979508240921000000001740023700140  000000000008200000000000000000000000000000000000000000000000000000000000000000000000000000000000000000000000000000000                          0000000000                                                                  000034
1021903727600017200000260206200016896                         00000000400731544405000000000000000000000000060221092126/400731500000000400731544405240921000000012000023704143  000000000008200000000000000000000000000000000000000000000000000000000000000000000000000000000000000000000000000000000                          0000000000                                                                  000035
1021903727600017200000260206200016896                         00000000400748225257000000000000000000000000060221092126/400748200000000400748225257240921000000003820023704426  000000000008200000000000000000000000000000000000000000000000000000000000000000000000000000000000000000000000000000000                          0000000000                                                                  000036
1021903727600017200000260206200016896                         00000000400762312405000000000000000000000000060221092126/400762300000000400762312405240921000000012000023704143  000000000008200000000000000000000000000000000000000000000000000000000000000000000000000000000000000000000000000000000                          0000000000                                                                  000037
1021903727600017200000260206200016896                         00000000400791583701000000000000000000000000060221092126/400791500000000400791583701240921000000000800023704159  000000000008200000000000000000000000000000000000000000000000000000000000000000000000000000000000000000000000000000000                          0000000000                                                                  000038
1021903727600017200000260206200016896                         00000000400801008603000000000000000000000000060221092126/400801000000000400801008603240921000000001000023704144  000000000008200000000000000000000000000000000000000000000000000000000000000000000000000000000000000000000000000000000                          0000000000                                                                  000039
1021903727600017200000260206200016896                         00000000400803489986000000000000000000000000060221092126/400803400000000400803489986240921000000007900023704158  000000000008200000000000000000000000000000000000000000000000000000000000000000000000000000000000000000000000000000000                          0000000000                                                                  000040
1021903727600017200000260206200016896                         00000000400856981653000000000000000000000000060221092126/400856900000000400856981653240921000000000800023704143  000000000008200000000000000000000000000000000000000000000000000000000000000000000000000000000000000000000000000000000                          7600000000                                                                  000041
1021903727600017200000260206200016896                         00000000400910387673000000000000000000000000060221092126/400910300000000400910387673240921000000001400023704426  000000000008200000000000000000000000000000000000000000000000000000000000000000000000000000000000000000000000000000000                          0000000000                                                                  000042
1021903727600017200000260206200016896                         00000000400916367046000000000000000000000000060221092126/400916300000000400916367046240921000000012000023704154  000000000008200000000000000000000000000000000000000000000000000000000000000000000000000000000000000000000000000000000                          0000000000                                                                  000043
1021903727600017200000260206200016896                         00000000400928613026000000000000000000000000060221092126/400928600000000400928613026240921000000002000023704426  000000000008200000000000000000000000000000000000000000000000000000000000000000000000000000000000000000000000000000000                          0000000000                                                                  000044
1021903727600017200000260206200016896                         00000000400952812102000000000000000000000000060221092126/400952800000000400952812102240921000000001440023704159  000000000008200000000000000000000000000000000000000000000000000000000000000000000000000000000000000000000000000000000                          7600000000                                                                  000045
1021903727600017200000260206200016896                         00000000400962710596000000000000000000000000060221092126/400962700000000400962710596240921000000000800023702062  000000000008200000000000000000000000000000000000000000000000000000000000000000000000000000000000000000000000000000000                          0000000000                                                                  000046
1021903727600017200000260206200016896                         00000000400973736058000000000000000000000000060221092126/400973700000000400973736058240921000000001160023704159  000000000008200000000000000000000000000000000000000000000000000000000000000000000000000000000000000000000000000000000                          0000000000                                                                  000047
1021903727600017200000260206200016896                         00000000400977134982000000000000000000000000060221092126/400977100000000400977134982240921000000000800023704159  000000000008200000000000000000000000000000000000000000000000000000000000000000000000000000000000000000000000000000000                          0000000000                                                                  000048
1021903727600017200000260206200016896                         00000000400980912376000000000000000000000000060221092126/400980900000000400980912376240921000000001550023704158  000000000008200000000000000000000000000000000000000000000000000000000000000000000000000000000000000000000000000000000                          0000000000                                                                  000049
1021903727600017200000260206200016896                         00000000600817815370000000000000000000000000060221092126/600817800000000600817815370240921000000000750023704424  000000000008200000000000000000000000000000000000000000000000000000000000000000000000000000000000000000000000000000000                          0000000000                                                                  000050
1021903727600017200000260206200016896                         00000000100031385280000000000000000000000000060621092126/100031300000000100031385280210921000000005774607700001  000000000000000000000000000000000000000000000000000000000000000000000000000000000000005774600000000000000000000000000   220921             00000000000000                                                                  000051
1021903727600017200000260206200016896                         00000000100031408892000000000000000000000000060621092126/100031400000000100031408892210921000000000156863300001  000000000000000000000000000000000000000000000000000000000000000000000000000000000000000156800000000000000000000000000   220921             00000000000000                                                                  000052
1021903727600017200000260206200016896                         00000000100031411842000000000000000000000000060621092126/100031400000000100031411842210921000000012873710404752  000000000000000000000000000000000000000000000000000000000000000000000000000000000000012873700000000000000000000000000   220921             00000000000000                                                                  000053
1021903727600017200000260206200016896                         00000000100031412954000000000000000000000000060621092126/100031400000000100031412954210921000000001618263300001  000000000000000000000000000000000000000000000000000000000000000000000000000000000000001618200000000000000000000000000   220921             00000000000000                                                                  000054
1021903727600017200000260206200016896                         00000000200214274873000000000000000000000000060621092126/200214200000000200214274873230921000000000178608100001  000000000000000000000000000000000000000000000000000000000000000000000000000000000000000178600000000000000000000000000   220921             00000000000000                                                                  000055
1021903727600017200000260206200016896                         0000000020032712102P000000000000000000000000060621092126/20032710000000020032712102P240921000000000644510403880  000000000000000000000000000000000000000000000000000000000000000000000000000000000000000644500000000000000000000000000   220921             00000000000000                                                                  000056
1021903727600017200000260206200016896                         00000000200375041992000000000000000000000000060621092126/200375000000000200375041992240921000000000319900103485  000000000000000000000000000000000000000000000000000000000000000000000000000000000000000319900000000000000000000000000   220921             00000000000000                                                                  000057
1021903727600017200000260206200016896                         00000000400031115554000000000000000000000000060621092126/400031100000000400031115554230921000000000800065500001  000000000000000000000000000000000000000000000000000000000000000000000000000000000000000800000000000000000000000000000   220921             00000000000000                                                                  000058
1021903727600017200000260206200016896                         00000000400033294669000000000000000000000000060621092126/400033200000000400033294669230921000000100000000103478  000000000000000000000000000000000000000000000000000000000000000000000000000000000000100000000000000000000000000000000   220921             00000000000000                                                                  000059
1021903727600017200000260206200016896                         00000000400089502973000000000000000000000000060621092126/400089500000000400089502973240921000000000800065500001  000000000000000000000000000000000000000000000000000000000000000000000000000000000000000800000000000000000000000000000   220921             00000000000000                                                                  000060
1021903727600017200000260206200016896                         00000000400114168773000000000000000000000000060621092126/400114100000000400114168773240921000000000800065500001  000000000000000000000000000000000000000000000000000000000000000000000000000000000000000800000000000000000000000000000   220921             00000000000000                                                                  000061
1021903727600017200000260206200016896                         00000000400117119560000000000000000000000000060621092126/400117100000000400117119560240921000000000800063300001  000000000000000000000000000000000000000000000000000000000000000000000000000000000000000800000000000000000000000000000   220921             00000000000000                                                                  000062
1021903727600017200000260206200016896                         00000000400135654902000000000000000000000000060621092126/400135600000000400135654902230921000000000800065500001  000000000000000000000000000000000000000000000000000000000000000000000000000000000000000800000000000000000000000000000   220921             00000000000000                                                                  000063
1021903727600017200000260206200016896                         00000000400136563080000000000000000000000000060621092126/400136500000000400136563080230921000000000800065500001  000000000000000000000000000000000000000000000000000000000000000000000000000000000000000800000000000000000000000000000   220921             00000000000000                                                                  000064
1021903727600017200000260206200016896                         00000000400161348941000000000000000000000000060621092126/400161300000000400161348941240921000000004000075604327  000000000000000000000000000000000000000000000000000000000000000000000000000000000000004000000000000000000000000000000   220921             00000000000000                                                                  000065
1021903727600017200000260206200016896                         00000000400169427077000000000000000000000000060621092126/400169400000000400169427077230921000000000800065500001  000000000000000000000000000000000000000000000000000000000000000000000000000000000000000800000000000000000000000000000   220921             00000000000000                                                                  000066
1021903727600017200000260206200016896                         00000000400179807145000000000000000000000000060621092126/400179800000000400179807145240921000000004000010403540  000000000000000000000000000000000000000000000000000000000000000000000000000000000000004000000000000000000000000000000   220921             00000000000000                                                                  000067
1021903727600017200000260206200016896                         0000000040019679068P000000000000000000000000060621092126/40019670000000040019679068P240921000000002500010403880  000000000000000000000000000000000000000000000000000000000000000000000000000000000000002500000000000000000000000000000   220921             00000000000000                                                                  000068
1021903727600017200000260206200016896                         00000000400219713025000000000000000000000000060621092126/400219700000000400219713025230921000000000800065500001  000000000000000000000000000000000000000000000000000000000000000000000000000000000000000800000000000000000000000000000   220921             00000000000000                                                                  000069
1021903727600017200000260206200016896                         00000000400223454166000000000000000000000000060621092126/400223400000000400223454166240921000000000800065500001  000000000000000000000000000000000000000000000000000000000000000000000000000000000000000800000000000000000000000000000   220921             00000000000000                                                                  000070
1021903727600017200000260206200016896                         00000000400244903351000000000000000000000000060621092126/400244900000000400244903351240921000000012000010403850  000000000000000000000000000000000000000000000000000000000000000000000000000000000000012000000000000000000000000000000   220921             00000000000000                                                                  000071
1021903727600017200000260206200016896                         00000000400261847864000000000000000000000000060621092126/400261800000000400261847864240921000000000800065500001  000000000000000000000000000000000000000000000000000000000000000000000000000000000000000800000000000000000000000000000   220921             00000000000000                                                                  000072
1021903727600017200000260206200016896                         00000000400282903144000000000000000000000000060621092126/400282900000000400282903144230921000000000800065500001  000000000000000000000000000000000000000000000000000000000000000000000000000000000000000800000000000000000000000000000   220921             00000000000000                                                                  000073
1021903727600017200000260206200016896                         00000000400325925554000000000000000000000000060621092126/400325900000000400325925554230921000000000800065500001  000000000000000000000000000000000000000000000000000000000000000000000000000000000000000800000000000000000000000000000   220921             00000000000000                                                                  000074
1021903727600017200000260206200016896                         00000000400331498838000000000000000000000000060621092126/400331400000000400331498838240921000000000800065500001  000000000000000000000000000000000000000000000000000000000000000000000000000000000000000800000000000000000000000000000   220921             00000000000000                                                                  000075
1021903727600017200000260206200016896                         00000000400335415287000000000000000000000000060621092126/400335400000000400335415287240921000000002660075604327  000000000000000000000000000000000000000000000000000000000000000000000000000000000000002660000000000000000000000000000   220921             00000000000000                                                                  000076
1021903727600017200000260206200016896                         00000000400339213174000000000000000000000000060621092126/400339200000000400339213174240921000000004550075604327  000000000000000000000000000000000000000000000000000000000000000000000000000000000000004550000000000000000000000000000   220921             00000000000000                                                                  000077
1021903727600017200000260206200016896                         00000000400358042488000000000000000000000000060621092126/400358000000000400358042488230921000000000800065500001  000000000000000000000000000000000000000000000000000000000000000000000000000000000000000800000000000000000000000000000   220921             00000000000000                                                                  000078
1021903727600017200000260206200016896                         00000000400363065992000000000000000000000000060621092126/400363000000000400363065992240921000000000800065500001  000000000000000000000000000000000000000000000000000000000000000000000000000000000000000800000000000000000000000000000   220921             00000000000000                                                                  000079
1021903727600017200000260206200016896                         00000000400425176028000000000000000000000000060621092126/400425100000000400425176028230921000000000800065500001  000000000000000000000000000000000000000000000000000000000000000000000000000000000000000800000000000000000000000000000   220921             00000000000000                                                                  000080
1021903727600017200000260206200016896                         00000000400481061810000000000000000000000000060621092126/400481000000000400481061810240921000000005760010402257  000000000000000000000000000000000000000000000000000000000000000000000000000000000000005760000000000000000000000000000   220921             00000000000000                                                                  000081
1021903727600017200000260206200016896                         00000000400547862550000000000000000000000000060621092126/400547800000000400547862550230921000000000800065500001  000000000000000000000000000000000000000000000000000000000000000000000000000000000000000800000000000000000000000000000   220921             00000000000000                                                                  000082
1021903727600017200000260206200016896                         00000000400563229248000000000000000000000000060621092126/400563200000000400563229248240921000000000800065500001  000000000000000000000000000000000000000000000000000000000000000000000000000000000000000800000000000000000000000000000   220921             00000000000000                                                                  000083
1021903727600017200000260206200016896                         00000000400585354631000000000000000000000000060621092126/400585300000000400585354631240921000000000800010402221  000000000000000000000000000000000000000000000000000000000000000000000000000000000000000800000000000000000000000000000   220921             00000000000000                                                                  000084
1021903727600017200000260206200016896                         00000000400593735733000000000000000000000000060621092126/400593700000000400593735733240921000000003840074805187  000000000000000000000000000000000000000000000000000000000000000000000000000000000000003840000000000000000000000000000   220921             00000000000000                                                                  000085
1021903727600017200000260206200016896                         00000000400602150719000000000000000000000000060621092126/400602100000000400602150719230921000000000800065500001  000000000000000000000000000000000000000000000000000000000000000000000000000000000000000800000000000000000000000000000   220921             00000000000000                                                                  000086
1021903727600017200000260206200016896                         00000000400610863783000000000000000000000000060621092126/400610800000000400610863783240921000000000800065500001  000000000000000000000000000000000000000000000000000000000000000000000000000000000000000800000000000000000000000000000   220921             00000000000000                                                                  000087
1021903727600017200000260206200016896                         0000000040062408311P000000000000000000000000060621092126/40062400000000040062408311P240921000000003000026000001  000000000000000000000000000000000000000000000000000000000000000000000000000000000000003000000000000000000000000000000   220921             00000000000000                                                                  000088
1021903727600017200000260206200016896                         00000000400650764885000000000000000000000000060621092126/400650700000000400650764885230921000000000800065500001  000000000000000000000000000000000000000000000000000000000000000000000000000000000000000800000000000000000000000000000   220921             00000000000000                                                                  000089
1021903727600017200000260206200016896                         00000000400654425945000000000000000000000000060621092126/400654400000000400654425945240921000000000800065500001  000000000000000000000000000000000000000000000000000000000000000000000000000000000000000800000000000000000000000000000   220921             00000000000000                                                                  000090
1021903727600017200000260206200016896                         00000000400661510117000000000000000000000000060621092126/400661500000000400661510117240921000000007500010400397  000000000000000000000000000000000000000000000000000000000000000000000000000000000000007500000000000000000000000000000   220921             00000000000000                                                                  000091
1021903727600017200000260206200016896                         00000000400698733183000000000000000000000000060621092126/400698700000000400698733183230921000000000800065500001  000000000000000000000000000000000000000000000000000000000000000000000000000000000000000800000000000000000000000000000   220921             00000000000000                                                                  000092
1021903727600017200000260206200016896                         00000000400719214343000000000000000000000000060621092126/400719200000000400719214343240921000000001000026000001  000000000000000000000000000000000000000000000000000000000000000000000000000000000000001000000000000000000000000000000   220921             00000000000000                                                                  000093
1021903727600017200000260206200016896                         00000000400723979508000000000000000000000000060621092126/400723900000000400723979508240921000000001740007000264  000000000000000000000000000000000000000000000000000000000000000000000000000000000000001740000000000000000000000000000   220921             00000000000000                                                                  000094
1021903727600017200000260206200016896                         00000000400731544405000000000000000000000000060621092126/400731500000000400731544405240921000000012000063300001  000000000000000000000000000000000000000000000000000000000000000000000000000000000000012000000000000000000000000000000   220921             00000000000000                                                                  000095
1021903727600017200000260206200016896                         00000000400748225257000000000000000000000000060621092126/400748200000000400748225257240921000000003820074801443  000000000000000000000000000000000000000000000000000000000000000000000000000000000000003820000000000000000000000000000   220921             00000000000000                                                                  000096
1021903727600017200000260206200016896                         00000000400762312405000000000000000000000000060621092126/400762300000000400762312405240921000000012000010401070  000000000000000000000000000000000000000000000000000000000000000000000000000000000000012000000000000000000000000000000   220921             00000000000000                                                                  000097
1021903727600017200000260206200016896                         00000000400791583701000000000000000000000000060621092126/400791500000000400791583701240921000000000800065500001  000000000000000000000000000000000000000000000000000000000000000000000000000000000000000800000000000000000000000000000   220921             00000000000000                                                                  000098
1021903727600017200000260206200016896                         00000000400801008603000000000000000000000000060621092126/400801000000000400801008603240921000000001000023700180  000000000000000000000000000000000000000000000000000000000000000000000000000000000000001000000000000000000000000000000   220921             00000000000000                                                                  000099
1021903727600017200000260206200016896                         00000000400803261039000000000000000000000000060621092126/400803200000000400803261039230921000000003000010404354  000000000000000000000000000000000000000000000000000000000000000000000000000000000000003000000000000000000000000000000   220921             00000000000000                                                                  000100
1021903727600017200000260206200016896                         00000000400856981653000000000000000000000000060621092126/400856900000000400856981653240921000000000800023702151  000000000000000000000000000000000000000000000000000000000000000000000000000000000000000800000000000000000000000000000   220921             00000000000000                                                                  000101
1021903727600017200000260206200016896                         00000000400884834100000000000000000000000000060621092126/400884800000000400884834100230921000000012000002100112  000000000000000000000000000000000000000000000000000000000000000000000000000000000000012000000000000000000000000000000   220921             00000000000000                                                                  000102
1021903727600017200000260206200016896                         00000000400892763654000000000000000000000000060621092126/400892700000000400892763654230921000000000800065500001  000000000000000000000000000000000000000000000000000000000000000000000000000000000000000800000000000000000000000000000   220921             00000000000000                                                                  000103
1021903727600017200000260206200016896                         00000000400910387673000000000000000000000000060621092126/400910300000000400910387673240921000000001400010403711  000000000000000000000000000000000000000000000000000000000000000000000000000000000000001400000000000000000000000000000   220921             00000000000000                                                                  000104
1021903727600017200000260206200016896                         00000000400916367046000000000000000000000000060621092126/400916300000000400916367046240921000000012000010400721  000000000000000000000000000000000000000000000000000000000000000000000000000000000000012000000000000000000000000000000   220921             00000000000000                                                                  000105
1021903727600017200000260206200016896                         00000000400928613026000000000000000000000000060621092126/400928600000000400928613026240921000000002000004100377  000000000000000000000000000000000000000000000000000000000000000000000000000000000000002000000000000000000000000000000   220921             00000000000000                                                                  000106
1021903727600017200000260206200016896                         00000000400931243493000000000000000000000000060620092126/400931200000000400931243493230921000000200000026000001  000000000000000000000000000000000000000000000000000000000000000000000000000000000000200000000000000000000000000000000   220921             00000000000000                                                                  000107
1021903727600017200000260206200016896                         00000000400952812102000000000000000000000000060621092126/400952800000000400952812102240921000000001440003304048  000000000000000000000000000000000000000000000000000000000000000000000000000000000000001440000000000000000000000000000   220921             00000000000000                                                                  000108
1021903727600017200000260206200016896                         00000000400957802393000000000000000000000000060621092126/400957800000000400957802393230921000000000800065500001  000000000000000000000000000000000000000000000000000000000000000000000000000000000000000800000000000000000000000000000   220921             00000000000000                                                                  000109
1021903727600017200000260206200016896                         00000000400962710596000000000000000000000000060621092126/400962700000000400962710596240921000000000800075604327  000000000000000000000000000000000000000000000000000000000000000000000000000000000000000800000000000000000000000000000   220921             00000000000000                                                                  000110
1021903727600017200000260206200016896                         00000000400973736058000000000000000000000000060621092126/400973700000000400973736058240921000000001160007700001  000000000000000000000000000000000000000000000000000000000000000000000000000000000000001160000000000000000000000000000   220921             00000000000000                                                                  000111
1021903727600017200000260206200016896                         00000000400977134982000000000000000000000000060621092126/400977100000000400977134982240921000000000800065500001  000000000000000000000000000000000000000000000000000000000000000000000000000000000000000800000000000000000000000000000   220921             00000000000000                                                                  000112
1021903727600017200000260206200016896                         00000000400980912376000000000000000000000000060621092126/400980900000000400980912376240921000000001550000102020  000000000000000000000000000000000000000000000000000000000000000000000000000000000000001550000000000000000000000000000   220921             00000000000000                                                                  000113
1021903727600017200000260206200016896                         00000000600817815370000000000000000000000000060621092126/600817800000000600817815370240921000000000750010400108  000000000000000000000000000000000000000000000000000000000000000000000000000000000000000750000000000000000000000000000   220921             00000000000000                                                                  000114
1021903727600017200000260206200016896                         00000000200234385124000000000000000000000000061021092126/200234300000000200234385124220721000000000301323700000  000000000000000000000000000000000000000000000000000000000000000000000000000000000000000000000000000000000000000000000                          1600000000                                                                  000115
1021903727600017200000260206200016896                         00000000200759987966000000000000000000000000061021092126/200759900000000200759987966220721000000000301323700000  000000000000000000000000000000000000000000000000000000000000000000000000000000000000000000000000000000000000000000000                          1600000000                                                                  000116
1021903727600017200000260206200016896                         00000000200992488821000000000000000000000000061021092126/200992400000000200992488821220721000000000326823700000  000000000000000000000000000000000000000000000000000000000000000000000000000000000000000000000000000000000000000000000                          1600000000                                                                  000117
1021903727600017200000260206200016896                         00000000400315800885000000000000000000000000061021092126/400315800000000400315800885220721000000002000023700000  000000000000000000000000000000000000000000000000000000000000000000000000000000000000000000000000000000000000000000000                          1600000000                                                                  000118
1021903727600017200000260206200016896                         00000000400385868932000000000000000000000000061021092126/400385800000000400385868932220721000000000800023700000  000000000000000000000000000000000000000000000000000000000000000000000000000000000000000000000000000000000000000000000                          1600000000                                                                  000119
1021903727600017200000260206200016896                         00000000400408663241000000000000000000000000061021092126/400408600000000400408663241220721000000004260023700000  000000000000000000000000000000000000000000000000000000000000000000000000000000000000000000000000000000000000000000000                          1600000000                                                                  000120
1021903727600017200000260206200016896                         00000000400545846167000000000000000000000000061021092126/400545800000000400545846167220721000000000800023700000  000000000000000000000000000000000000000000000000000000000000000000000000000000000000000000000000000000000000000000000                          1600000000                                                                  000121
1021903727600017200000260206200016896                         00000000400633439903000000000000000000000000061021092126/400633400000000400633439903220721000000002000023700000  000000000000000000000000000000000000000000000000000000000000000000000000000000000000000000000000000000000000000000000                          1600000000                                                                  000122
1021903727600017200000260206200016896                         00000000400794034229000000000000000000000000061021092126/400794000000000400794034229220721000000003000023700000  000000000000000000000000000000000000000000000000000000000000000000000000000000000000000000000000000000000000000000000                          1600000000                                                                  000123
9201237          000000640000000462236300000771          00049000001458877000004622363000640000046223630000900000013789400000000000000000000000000000000000000000000000000000000000000000000                                                                                                                                                                              00000000000000000000000         000124
