02RETORNO01COBRANCA       00000000000005034448E-PREPAG ADMINISTRADORA DE CAR237BRADESCO       2110210160000000792                                                                                                                                                                                                                                                                          221021         000001
1021903727600017200000260206200016896                         00000000200118276067000000000000000000000000060221102126/200118200000000200118276067241021000000001447623703109  000000000000000000000000000000000000000000000000000000000000000000000000000000000000000000000000000000000000000000000                          0000000000                                                                  000002
1021903727600017200000260206200016896                         00000000400129783806000000000000000000000000060221102126/400129700000000400129783806241021000000003590023704154  000000000008200000000000000000000000000000000000000000000000000000000000000000000000000000000000000000000000000000000                          0000000000                                                                  000003
1021903727600017200000260206200016896                         00000000400137814192000000000000000000000000060221102126/400137800000000400137814192241021000000000800023704159  000000000008200000000000000000000000000000000000000000000000000000000000000000000000000000000000000000000000000000000                          0000000000                                                                  000004
1021903727600017200000260206200016896                         00000000400149965811000000000000000000000000060221102126/400149900000000400149965811241021000000002500023704424  000000000008200000000000000000000000000000000000000000000000000000000000000000000000000000000000000000000000000000000                          0000000000                                                                  000005
1021903727600017200000260206200016896                         00000000400190447444000000000000000000000000060221102126/400190400000000400190447444241021000000000800023704452  000000000008200000000000000000000000000000000000000000000000000000000000000000000000000000000000000000000000000000000                          0000000000                                                                  000006
1021903727600017200000260206200016896                         00000000400205856761000000000000000000000000060221102126/400205800000000400205856761241021000000000800023704422  000000000008200000000000000000000000000000000000000000000000000000000000000000000000000000000000000000000000000000000                          0000000000                                                                  000007
1021903727600017200000260206200016896                         00000000400276085103000000000000000000000000060221102126/400276000000000400276085103241021000000000800023704422  000000000008200000000000000000000000000000000000000000000000000000000000000000000000000000000000000000000000000000000                          0000000000                                                                  000008
1021903727600017200000260206200016896                         0000000040030002563P000000000000000000000000060221102126/40030000000000040030002563P241021000000001260023704157  000000000008200000000000000000000000000000000000000000000000000000000000000000000000000000000000000000000000000000000                          0000000000                                                                  000009
1021903727600017200000260206200016896                         00000000400304038183000000000000000000000000060221102126/400304000000000400304038183241021000000000800023704159  000000000008200000000000000000000000000000000000000000000000000000000000000000000000000000000000000000000000000000000                          0000000000                                                                  000010
1021903727600017200000260206200016896                         00000000400321398665000000000000000000000000060221102126/400321300000000400321398665241021000000000800023704422  000000000008200000000000000000000000000000000000000000000000000000000000000000000000000000000000000000000000000000000                          0000000000                                                                  000011
1021903727600017200000260206200016896                         00000000400340950816000000000000000000000000060221102126/400340900000000400340950816241021000000000800023704159  000000000000000000000000000000000000000000000000000000000000000000000000000000000000000000000000000000000000000000000                          0000000000                                                                  000012
1021903727600017200000260206200016896                         00000000400371962197000000000000000000000000060221102126/400371900000000400371962197241021000000000800023704422  000000000008200000000000000000000000000000000000000000000000000000000000000000000000000000000000000000000000000000000                          0000000000                                                                  000013
1021903727600017200000260206200016896                         00000000400379648386000000000000000000000000060221102126/400379600000000400379648386241021000000000800023700435  000000000008200000000000000000000000000000000000000000000000000000000000000000000000000000000000000000000000000000000                          0000000000                                                                  000014
1021903727600017200000260206200016896                         0000000040038740058P000000000000000000000000060221102126/40038740000000040038740058P241021000000005000023704151  000000000008200000000000000000000000000000000000000000000000000000000000000000000000000000000000000000000000000000000                          0000000000                                                                  000015
1021903727600017200000260206200016896                         00000000400417668876000000000000000000000000060221102126/400417600000000400417668876241021000000000800023704159  000000000008200000000000000000000000000000000000000000000000000000000000000000000000000000000000000000000000000000000                          0000000000                                                                  000016
1021903727600017200000260206200016896                         00000000400418763546000000000000000000000000060221102126/400418700000000400418763546241021000000000800023704159  000000000008200000000000000000000000000000000000000000000000000000000000000000000000000000000000000000000000000000000                          0000000000                                                                  000017
1021903727600017200000260206200016896                         00000000400421925859000000000000000000000000060221102126/400421900000000400421925859241021000000000800023704159  000000000008200000000000000000000000000000000000000000000000000000000000000000000000000000000000000000000000000000000                          0000000000                                                                  000018
1021903727600017200000260206200016896                         0000000040043120999P000000000000000000000000060221102126/40043120000000040043120999P241021000000000800023704159  000000000008200000000000000000000000000000000000000000000000000000000000000000000000000000000000000000000000000000000                          0000000000                                                                  000019
1021903727600017200000260206200016896                         00000000400439526250000000000000000000000000060221102126/400439500000000400439526250241021000000001400023704154  000000000008200000000000000000000000000000000000000000000000000000000000000000000000000000000000000000000000000000000                          0000000000                                                                  000020
1021903727600017200000260206200016896                         00000000400443644322000000000000000000000000060221102126/400443600000000400443644322241021000000000800023704143  000000000008200000000000000000000000000000000000000000000000000000000000000000000000000000000000000000000000000000000                          0000000000                                                                  000021
1021903727600017200000260206200016896                         00000000400450458941000000000000000000000000060221102126/400450400000000400450458941241021000000001500023704158  000000000008200000000000000000000000000000000000000000000000000000000000000000000000000000000000000000000000000000000                          0000000000                                                                  000022
1021903727600017200000260206200016896                         0000000040045465835P000000000000000000000000060221102126/40045460000000040045465835P241021000000005000023700140  000000000008200000000000000000000000000000000000000000000000000000000000000000000000000000000000000000000000000000000                          0000000000                                                                  000023
1021903727600017200000260206200016896                         0000000040045674668P000000000000000000000000060221102126/40045670000000040045674668P241021000000000800023704159  000000000008200000000000000000000000000000000000000000000000000000000000000000000000000000000000000000000000000000000                          0000000000                                                                  000024
1021903727600017200000260206200016896                         00000000400458954190000000000000000000000000060221102126/400458900000000400458954190241021000000000800023704159  000000000008200000000000000000000000000000000000000000000000000000000000000000000000000000000000000000000000000000000                          0000000000                                                                  000025
1021903727600017200000260206200016896                         00000000400473040138000000000000000000000000060221102126/400473000000000400473040138241021000000012000023704151  000000000008200000000000000000000000000000000000000000000000000000000000000000000000000000000000000000000000000000000                          0000000000                                                                  000026
1021903727600017200000260206200016896                         0000000040050672111P000000000000000000000000060221102126/40050670000000040050672111P241021000000000800023704159  000000000008200000000000000000000000000000000000000000000000000000000000000000000000000000000000000000000000000000000                          0000000000                                                                  000027
1021903727600017200000260206200016896                         00000000400512112834000000000000000000000000060221102126/400512100000000400512112834241021000000001500023704452  000000000008200000000000000000000000000000000000000000000000000000000000000000000000000000000000000000000000000000000                          0000000000                                                                  000028
1021903727600017200000260206200016896                         00000000400526712567000000000000000000000000060221102126/400526700000000400526712567241021000000000800023704159  000000000008200000000000000000000000000000000000000000000000000000000000000000000000000000000000000000000000000000000                          0000000000                                                                  000029
1021903727600017200000260206200016896                         00000000400532359860000000000000000000000000060221102126/400532300000000400532359860241021000000001600023704159  000000000008200000000000000000000000000000000000000000000000000000000000000000000000000000000000000000000000000000000                          0000000000                                                                  000030
1021903727600017200000260206200016896                         00000000400540134975000000000000000000000000060221102126/400540100000000400540134975241021000000002520023700320  000000000008200000000000000000000000000000000000000000000000000000000000000000000000000000000000000000000000000000000                          0000000000                                                                  000031
1021903727600017200000260206200016896                         0000000040062943476P000000000000000000000000060221102126/40062940000000040062943476P241021000000005000023704158  000000000008200000000000000000000000000000000000000000000000000000000000000000000000000000000000000000000000000000000                          0000000000                                                                  000032
1021903727600017200000260206200016896                         00000000400644012162000000000000000000000000060221102126/400644000000000400644012162241021000000000800023704159  000000000008200000000000000000000000000000000000000000000000000000000000000000000000000000000000000000000000000000000                          0000000000                                                                  000033
1021903727600017200000260206200016896                         0000000040066817211P000000000000000000000000060221102126/40066810000000040066817211P241021000000000800023704159  000000000008200000000000000000000000000000000000000000000000000000000000000000000000000000000000000000000000000000000                          0000000000                                                                  000034
1021903727600017200000260206200016896                         00000000400723635035000000000000000000000000060221102126/400723600000000400723635035241021000000001000023704144  000000000008200000000000000000000000000000000000000000000000000000000000000000000000000000000000000000000000000000000                          0000000000                                                                  000035
1021903727600017200000260206200016896                         00000000400753469776000000000000000000000000060221102126/400753400000000400753469776241021000000000800023704159  000000000008200000000000000000000000000000000000000000000000000000000000000000000000000000000000000000000000000000000                          0000000000                                                                  000036
1021903727600017200000260206200016896                         00000000400760499796000000000000000000000000060221102126/400760400000000400760499796241021000000000800023704452  000000000008200000000000000000000000000000000000000000000000000000000000000000000000000000000000000000000000000000000                          0000000000                                                                  000037
1021903727600017200000260206200016896                         00000000400815826988000000000000000000000000060221102126/400815800000000400815826988241021000000001500023704452  000000000008200000000000000000000000000000000000000000000000000000000000000000000000000000000000000000000000000000000                          0000000000                                                                  000038
1021903727600017200000260206200016896                         00000000400826313826000000000000000000000000060221102126/400826300000000400826313826241021000000000800023704422  000000000008200000000000000000000000000000000000000000000000000000000000000000000000000000000000000000000000000000000                          0000000000                                                                  000039
1021903727600017200000260206200016896                         00000000400839991955000000000000000000000000060221102126/400839900000000400839991955241021000000000800023704422  000000000008200000000000000000000000000000000000000000000000000000000000000000000000000000000000000000000000000000000                          0000000000                                                                  000040
1021903727600017200000260206200016896                         00000000400843924626000000000000000000000000060221102126/400843900000000400843924626241021000000003000023704151  000000000008200000000000000000000000000000000000000000000000000000000000000000000000000000000000000000000000000000000                          0000000000                                                                  000041
1021903727600017200000260206200016896                         00000000400859941040000000000000000000000000060221102126/400859900000000400859941040241021000000000800023700140  000000000008200000000000000000000000000000000000000000000000000000000000000000000000000000000000000000000000000000000                          0000000000                                                                  000042
1021903727600017200000260206200016896                         00000000400917848692000000000000000000000000060221102126/400917800000000400917848692241021000000001970023704426  000000000008200000000000000000000000000000000000000000000000000000000000000000000000000000000000000000000000000000000                          0000000000                                                                  000043
1021903727600017200000260206200016896                         0000000040095375551P000000000000000000000000060221102126/40095370000000040095375551P241021000000000800023704159  000000000008200000000000000000000000000000000000000000000000000000000000000000000000000000000000000000000000000000000                          0000000000                                                                  000044
1021903727600017200000260206200016896                         00000000400966298444000000000000000000000000060221102126/400966200000000400966298444241021000000009000023704157  000000000008200000000000000000000000000000000000000000000000000000000000000000000000000000000000000000000000000000000                          0000000000                                                                  000045
1021903727600017200000260206200016896                         00000000400971458492000000000000000000000000060221102126/400971400000000400971458492241021000000005000023704424  000000000008200000000000000000000000000000000000000000000000000000000000000000000000000000000000000000000000000000000                          0000000000                                                                  000046
1021903727600017200000260206200016896                         00000000600122314206000000000000000000000000060221102126/600122300000000600122314206241021000000000269923704151  000000000008200000000000000000000000000000000000000000000000000000000000000000000000000000000000000000000000000000000                          0000000000                                                                  000047
1021903727600017200000260206200016896                         00000000600440206129000000000000000000000000060221102126/600440200000000600440206129241021000000002000023700153  000000000008200000000000000000000000000000000000000000000000000000000000000000000000000000000000000000000000000000000                          0000000000                                                                  000048
1021903727600017200000260206200016896                         00000000400296097086000000000000000000000000060321102126/400296000000000400296097086231021000000005000023704159  000000000000000000000000000000000000000000000000000000000000000000000000000000000000000000000000000000000000000000000                          0900000000                                                                  000049
1021903727600017200000260206200016896                         00000000400149965811000000000000000000000000060621102126/400149900000000400149965811241021000000002500010403880  000000000000000000000000000000000000000000000000000000000000000000000000000000000000002500000000000000000000000000000   221021             00000000000000                                                                  000050
1021903727600017200000260206200016896                         00000000400175108870000000000000000000000000060621102126/400175100000000400175108870231021000000003000010404354  000000000000000000000000000000000000000000000000000000000000000000000000000000000000003000000000000000000000000000000   221021             00000000000000                                                                  000051
1021903727600017200000260206200016896                         00000000400205856761000000000000000000000000060621102126/400205800000000400205856761241021000000000800065500001  000000000000000000000000000000000000000000000000000000000000000000000000000000000000000800000000000000000000000000000   221021             00000000000000                                                                  000052
1021903727600017200000260206200016896                         00000000400276085103000000000000000000000000060621102126/400276000000000400276085103241021000000000800065500001  000000000000000000000000000000000000000000000000000000000000000000000000000000000000000800000000000000000000000000000   221021             00000000000000                                                                  000053
1021903727600017200000260206200016896                         00000000400321398665000000000000000000000000060621102126/400321300000000400321398665241021000000000800065500001  000000000000000000000000000000000000000000000000000000000000000000000000000000000000000800000000000000000000000000000   221021             00000000000000                                                                  000054
1021903727600017200000260206200016896                         00000000400371962197000000000000000000000000060621102126/400371900000000400371962197241021000000000800065500001  000000000000000000000000000000000000000000000000000000000000000000000000000000000000000800000000000000000000000000000   221021             00000000000000                                                                  000055
1021903727600017200000260206200016896                         00000000400379648386000000000000000000000000060621102126/400379600000000400379648386241021000000000800010400737  000000000000000000000000000000000000000000000000000000000000000000000000000000000000000800000000000000000000000000000   221021             00000000000000                                                                  000056
1021903727600017200000260206200016896                         0000000040038740058P000000000000000000000000060621102126/40038740000000040038740058P241021000000005000065500001  000000000000000000000000000000000000000000000000000000000000000000000000000000000000005000000000000000000000000000000   221021             00000000000000                                                                  000057
1021903727600017200000260206200016896                         00000000400388730397000000000000000000000000060621102126/400388700000000400388730397231021000000012000010400721  000000000000000000000000000000000000000000000000000000000000000000000000000000000000012000000000000000000000000000000   221021             00000000000000                                                                  000058
1021903727600017200000260206200016896                         00000000400439526250000000000000000000000000060621102126/400439500000000400439526250241021000000001400002100183  000000000000000000000000000000000000000000000000000000000000000000000000000000000000001400000000000000000000000000000   221021             00000000000000                                                                  000059
1021903727600017200000260206200016896                         00000000400441953263000000000000000000000000060621102126/400441900000000400441953263211021000000001200008501127  000000000000000000000000000000000000000000000000000000000000000000000000000000000000001200000000000000000000000000000   221021             00000000000000                                                                  000060
1021903727600017200000260206200016896                         00000000400450458941000000000000000000000000060621102126/400450400000000400450458941241021000000001500075600602  000000000000000000000000000000000000000000000000000000000000000000000000000000000000001500000000000000000000000000000   221021             00000000000000                                                                  000061
1021903727600017200000260206200016896                         0000000040045465835P000000000000000000000000060621102126/40045460000000040045465835P241021000000005000075604327  000000000000000000000000000000000000000000000000000000000000000000000000000000000000005000000000000000000000000000000   221021             00000000000000                                                                  000062
1021903727600017200000260206200016896                         00000000400473040138000000000000000000000000060621102126/400473000000000400473040138241021000000012000010400977  000000000000000000000000000000000000000000000000000000000000000000000000000000000000012000000000000000000000000000000   221021             00000000000000                                                                  000063
1021903727600017200000260206200016896                         00000000400512112834000000000000000000000000060621102126/400512100000000400512112834241021000000001500010403880  000000000000000000000000000000000000000000000000000000000000000000000000000000000000001500000000000000000000000000000   221021             00000000000000                                                                  000064
1021903727600017200000260206200016896                         00000000400532359860000000000000000000000000060621102126/400532300000000400532359860241021000000001600075604327  000000000000000000000000000000000000000000000000000000000000000000000000000000000000001600000000000000000000000000000   221021             00000000000000                                                                  000065
1021903727600017200000260206200016896                         00000000400540134975000000000000000000000000060621102126/400540100000000400540134975241021000000002520023703733  000000000000000000000000000000000000000000000000000000000000000000000000000000000000002520000000000000000000000000000   221021             00000000000000                                                                  000066
1021903727600017200000260206200016896                         00000000400723635035000000000000000000000000060621102126/400723600000000400723635035241021000000001000023700180  000000000000000000000000000000000000000000000000000000000000000000000000000000000000001000000000000000000000000000000   221021             00000000000000                                                                  000067
1021903727600017200000260206200016896                         00000000400760499796000000000000000000000000060621102126/400760400000000400760499796241021000000000800075604327  000000000000000000000000000000000000000000000000000000000000000000000000000000000000000800000000000000000000000000000   221021             00000000000000                                                                  000068
1021903727600017200000260206200016896                         00000000400815826988000000000000000000000000060621102126/400815800000000400815826988241021000000001500010403880  000000000000000000000000000000000000000000000000000000000000000000000000000000000000001500000000000000000000000000000   221021             00000000000000                                                                  000069
1021903727600017200000260206200016896                         00000000400826313826000000000000000000000000060621102126/400826300000000400826313826241021000000000800065500001  000000000000000000000000000000000000000000000000000000000000000000000000000000000000000800000000000000000000000000000   221021             00000000000000                                                                  000070
1021903727600017200000260206200016896                         00000000400839991955000000000000000000000000060621102126/400839900000000400839991955241021000000000800065500001  000000000000000000000000000000000000000000000000000000000000000000000000000000000000000800000000000000000000000000000   221021             00000000000000                                                                  000071
1021903727600017200000260206200016896                         00000000400843924626000000000000000000000000060621102126/400843900000000400843924626241021000000003000010400280  000000000000000000000000000000000000000000000000000000000000000000000000000000000000003000000000000000000000000000000   221021             00000000000000                                                                  000072
1021903727600017200000260206200016896                         00000000400859941040000000000000000000000000060621102126/400859900000000400859941040241021000000000800010403189  000000000000000000000000000000000000000000000000000000000000000000000000000000000000000800000000000000000000000000000   221021             00000000000000                                                                  000073
1021903727600017200000260206200016896                         00000000400917848692000000000000000000000000060621102126/400917800000000400917848692241021000000001970004100377  000000000000000000000000000000000000000000000000000000000000000000000000000000000000001970000000000000000000000000000   221021             00000000000000                                                                  000074
1021903727600017200000260206200016896                         00000000400966298444000000000000000000000000060621102126/400966200000000400966298444241021000000009000007700001  000000000000000000000000000000000000000000000000000000000000000000000000000000000000009000000000000000000000000000000   221021             00000000000000                                                                  000075
9201237          000006700000001748506200000792          00047000000888575000000728900000260000007289000000000000000000000000000000000000000000000000000000000000000000000000000000000000000                                                                                                                                                                              00000000000000000000000         000076
