02RETORNO01COBRANCA       00000000000005034448E-PREPAG ADMINISTRADORA DE CAR237BRADESCO       2110220160000001043                                                                                                                                                                                                                                                                          241022         000001
1021903727600017200000260206200016896                         0000000020037462840P000000000000000000000000060221102226/20037460000000020037462840P241022000000000500023704274  000000000008200000000000000000000000000000000000000000000000000000000000000000000000000000000000000000000000000000000                          0000000000                                                                  000002
1021903727600017200000260206200016896                         00000000200435444587000000000000000000000000060221102226/200435400000000200435444587241022000000000280323704400  000000000008200000000000000000000000000000000000000000000000000000000000000000000000000000000000000000000000000000000                          0000000000                                                                  000003
1021903727600017200000260206200016896                         00000000400313839598000000000000000000000000060221102226/400313800000000400313839598241022000000003000023704159  000000000008200000000000000000000000000000000000000000000000000000000000000000000000000000000000000000000000000000000                          0000000000                                                                  000004
1021903727600017200000260206200016896                         00000000400564311398000000000000000000000000060221102226/400564300000000400564311398241022000000150000023704428  000000000008200000000000000000000000000000000000000000000000000000000000000000000000000000000000000000000000000000000                          7600000000                                                                  000005
1021903727600017200000260206200016896                         00000000200435444587000000000000000000000000060621102226/200435400000000200435444587241022000000000280326000001  000000000000000000000000000000000000000000000000000000000000000000000000000000000000000280300000000000000000000000000   241022             00000000000000                                                                  000006
1021903727600017200000260206200016896                         00000000400313839598000000000000000000000000060621102226/400313800000000400313839598241022000000003000010402192  000000000000000000000000000000000000000000000000000000000000000000000000000000000000003000000000000000000000000000000   241022             00000000000000                                                                  000007
1021903727600017200000260206200016896                         00000000600363753006000000000000000000000000061021102226/600363700000000600363753006210822000000000500023700000  000000000000000000000000000000000000000000000000000000000000000000000000000000000000000000000000000000000000000000000                          1600000000                                                                  000008
9201237          000000990000000386637400001043          00004000001537803000000032803000020000000328030000100000000500000000000000000000000000000000000000000000000000000000000000000000000                                                                                                                                                                              00000000000000000000000         000009
