02RETORNO01COBRANCA       00000000000005034448E-PREPAG ADMINISTRADORA DE CAR237BRADESCO       2112210160000000833                                                                                                                                                                                                                                                                          221221         000001
1021903727600017200000260206200016896                         00000000100032246136000000000000000000000000060221122126/100032200000000100032246136211221000000009625523704159  000000000008200000000000000000000000000000000000000000000000000000000000000000000000000000000000000000000000000000000                          0000000000                                                                  000002
1021903727600017200000260206200016896                         00000000100032254767000000000000000000000000060221122126/100032200000000100032254767211221000000000093023704151  000000000008200000000000000000000000000000000000000000000000000000000000000000000000000000000000000000000000000000000                          0000000000                                                                  000003
1021903727600017200000260206200016896                         00000000200040486620000000000000000000000000060221122126/200040400000000200040486620241221000000000049923704152  000000000008200000000000000000000000000000000000000000000000000000000000000000000000000000000000000000000000000000000                          7600000000                                                                  000004
1021903727600017200000260206200016896                         00000000200512855021000000000000000000000000060221122126/200512800000000200512855021241221000000000049923704151  000000000008200000000000000000000000000000000000000000000000000000000000000000000000000000000000000000000000000000000                          0000000000                                                                  000005
1021903727600017200000260206200016896                         00000000200650039014000000000000000000000000060221122126/200650000000000200650039014241221000000000049923704151  000000000008200000000000000000000000000000000000000000000000000000000000000000000000000000000000000000000000000000000                          0000000000                                                                  000006
1021903727600017200000260206200016896                         00000000200819778830000000000000000000000000060221122126/200819700000000200819778830241221000000000269923704157  000000000008200000000000000000000000000000000000000000000000000000000000000000000000000000000000000000000000000000000                          0000000000                                                                  000007
1021903727600017200000260206200016896                         00000000400241631318000000000000000000000000060221122126/400241600000000400241631318241221000000000800023704422  000000000008200000000000000000000000000000000000000000000000000000000000000000000000000000000000000000000000000000000                          0000000000                                                                  000008
1021903727600017200000260206200016896                         00000000400276306924000000000000000000000000060221122126/400276300000000400276306924241221000000005000023702062  000000000008200000000000000000000000000000000000000000000000000000000000000000000000000000000000000000000000000000000                          0000000000                                                                  000009
1021903727600017200000260206200016896                         00000000400293183666000000000000000000000000060221122126/400293100000000400293183666241221000000000800023704159  000000000008200000000000000000000000000000000000000000000000000000000000000000000000000000000000000000000000000000000                          0000000000                                                                  000010
1021903727600017200000260206200016896                         00000000400314458164000000000000000000000000060221122126/400314400000000400314458164241221000000002000023700320  000000000008200000000000000000000000000000000000000000000000000000000000000000000000000000000000000000000000000000000                          0000000000                                                                  000011
1021903727600017200000260206200016896                         00000000400377768619000000000000000000000000060221122126/400377700000000400377768619241221000000003500023702062  000000000008200000000000000000000000000000000000000000000000000000000000000000000000000000000000000000000000000000000                          0000000000                                                                  000012
1021903727600017200000260206200016896                         00000000400390302572000000000000000000000000060221122126/400390300000000400390302572241221000000000800023704159  000000000008200000000000000000000000000000000000000000000000000000000000000000000000000000000000000000000000000000000                          0000000000                                                                  000013
1021903727600017200000260206200016896                         00000000400430316628000000000000000000000000060221122126/400430300000000400430316628241221000000000800023704159  000000000008200000000000000000000000000000000000000000000000000000000000000000000000000000000000000000000000000000000                          0000000000                                                                  000014
1021903727600017200000260206200016896                         00000000400465985840000000000000000000000000060221122126/400465900000000400465985840241221000000005000023704143  000000000008200000000000000000000000000000000000000000000000000000000000000000000000000000000000000000000000000000000                          7600000000                                                                  000015
1021903727600017200000260206200016896                         0000000040046772565P000000000000000000000000060221122126/40046770000000040046772565P241221000000002000023704152  000000000008200000000000000000000000000000000000000000000000000000000000000000000000000000000000000000000000000000000                          0000000000                                                                  000016
1021903727600017200000260206200016896                         00000000400497802632000000000000000000000000060221122126/400497800000000400497802632241221000000150000023704428  000000000008200000000000000000000000000000000000000000000000000000000000000000000000000000000000000000000000000000000                          7600000000                                                                  000017
1021903727600017200000260206200016896                         00000000400504916347000000000000000000000000060221122126/400504900000000400504916347241221000000000800023704159  000000000008200000000000000000000000000000000000000000000000000000000000000000000000000000000000000000000000000000000                          0000000000                                                                  000018
1021903727600017200000260206200016896                         00000000400513485413000000000000000000000000060221122126/400513400000000400513485413241221000000000800023704159  000000000008200000000000000000000000000000000000000000000000000000000000000000000000000000000000000000000000000000000                          0000000000                                                                  000019
1021903727600017200000260206200016896                         00000000400527606175000000000000000000000000060221122126/400527600000000400527606175241221000000000800023704159  000000000008200000000000000000000000000000000000000000000000000000000000000000000000000000000000000000000000000000000                          0000000000                                                                  000020
1021903727600017200000260206200016896                         00000000400529744192000000000000000000000000060221122126/400529700000000400529744192241221000000000800023704159  000000000008200000000000000000000000000000000000000000000000000000000000000000000000000000000000000000000000000000000                          0000000000                                                                  000021
1021903727600017200000260206200016896                         00000000400555277233000000000000000000000000060221122126/400555200000000400555277233241221000000000800023704159  000000000008200000000000000000000000000000000000000000000000000000000000000000000000000000000000000000000000000000000                          0000000000                                                                  000022
1021903727600017200000260206200016896                         00000000400621246476000000000000000000000000060221122126/400621200000000400621246476241221000000000800023704159  000000000008200000000000000000000000000000000000000000000000000000000000000000000000000000000000000000000000000000000                          0000000000                                                                  000023
1021903727600017200000260206200016896                         00000000400688065654000000000000000000000000060221122126/400688000000000400688065654241221000000000800023704159  000000000008200000000000000000000000000000000000000000000000000000000000000000000000000000000000000000000000000000000                          0000000000                                                                  000024
1021903727600017200000260206200016896                         00000000400736240978000000000000000000000000060221122126/400736200000000400736240978241221000000002600023702062  000000000008200000000000000000000000000000000000000000000000000000000000000000000000000000000000000000000000000000000                          0000000000                                                                  000025
1021903727600017200000260206200016896                         00000000400756069418000000000000000000000000060221122126/400756000000000400756069418241221000000000800023704159  000000000008200000000000000000000000000000000000000000000000000000000000000000000000000000000000000000000000000000000                          0000000000                                                                  000026
1021903727600017200000260206200016896                         0000000040075628355P000000000000000000000000060221122126/40075620000000040075628355P241221000000000800023704159  000000000008200000000000000000000000000000000000000000000000000000000000000000000000000000000000000000000000000000000                          0000000000                                                                  000027
1021903727600017200000260206200016896                         00000000400806727918000000000000000000000000060221122126/400806700000000400806727918241221000000000800023704151  000000000008200000000000000000000000000000000000000000000000000000000000000000000000000000000000000000000000000000000                          0000000000                                                                  000028
1021903727600017200000260206200016896                         00000000400834571273000000000000000000000000060221122126/400834500000000400834571273241221000000000800023704159  000000000008200000000000000000000000000000000000000000000000000000000000000000000000000000000000000000000000000000000                          0000000000                                                                  000029
1021903727600017200000260206200016896                         00000000400841325075000000000000000000000000060221122126/400841300000000400841325075241221000000012000023704143  000000000008200000000000000000000000000000000000000000000000000000000000000000000000000000000000000000000000000000000                          0000000000                                                                  000030
1021903727600017200000260206200016896                         00000000400885030579000000000000000000000000060221122126/400885000000000400885030579241221000000000800023704159  000000000008200000000000000000000000000000000000000000000000000000000000000000000000000000000000000000000000000000000                          0000000000                                                                  000031
1021903727600017200000260206200016896                         00000000400890252504000000000000000000000000060221122126/400890200000000400890252504241221000000000800023704602  000000000008200000000000000000000000000000000000000000000000000000000000000000000000000000000000000000000000000000000                          7600000000                                                                  000032
1021903727600017200000260206200016896                         00000000400899341526000000000000000000000000060221122126/400899300000000400899341526241221000000000800023704143  000000000008200000000000000000000000000000000000000000000000000000000000000000000000000000000000000000000000000000000                          0000000000                                                                  000033
1021903727600017200000260206200016896                         00000000400915437334000000000000000000000000060221122126/400915400000000400915437334241221000000002000023704144  000000000008200000000000000000000000000000000000000000000000000000000000000000000000000000000000000000000000000000000                          0000000000                                                                  000034
1021903727600017200000260206200016896                         00000000400923923639000000000000000000000000060221122126/400923900000000400923923639241221000000001000023704426  000000000008200000000000000000000000000000000000000000000000000000000000000000000000000000000000000000000000000000000                          0000000000                                                                  000035
1021903727600017200000260206200016896                         00000000400933608421000000000000000000000000060221122126/400933600000000400933608421241221000000000800023704159  000000000008200000000000000000000000000000000000000000000000000000000000000000000000000000000000000000000000000000000                          0000000000                                                                  000036
1021903727600017200000260206200016896                         00000000400988125667000000000000000000000000060221122126/400988100000000400988125667241221000000007940023704154  000000000008200000000000000000000000000000000000000000000000000000000000000000000000000000000000000000000000000000000                          0000000000                                                                  000037
1021903727600017200000260206200016896                         00000000100032246136000000000000000000000000060621122126/100032200000000100032246136211221000000009625510404752  000000000000000000000000000000000000000000000000000000000000000000000000000000000000009625500000000000000000000000000   221221             00000000000000                                                                  000038
1021903727600017200000260206200016896                         00000000100032254767000000000000000000000000060621122126/100032200000000100032254767211221000000000093000103567  000000000000000000000000000000000000000000000000000000000000000000000000000000000000000093000000000000000000000000000   221221             00000000000000                                                                  000039
1021903727600017200000260206200016896                         00000000200631401926000000000000000000000000060621122126/200631400000000200631401926231221000000000361210401908  000000000000000000000000000000000000000000000000000000000000000000000000000000000000000361200000000000000000000000000   221221             00000000000000                                                                  000040
1021903727600017200000260206200016896                         00000000400132845073000000000000000000000000060621122126/400132800000000400132845073231221000000008000023705889  000000000000000000000000000000000000000000000000000000000000000000000000000000000000008000000000000000000000000000000   221221             00000000000000                                                                  000041
1021903727600017200000260206200016896                         00000000400293183666000000000000000000000000060621122126/400293100000000400293183666241221000000000800065500001  000000000000000000000000000000000000000000000000000000000000000000000000000000000000000800000000000000000000000000000   221221             00000000000000                                                                  000042
1021903727600017200000260206200016896                         00000000400314458164000000000000000000000000060621122126/400314400000000400314458164241221000000002000026000001  000000000000000000000000000000000000000000000000000000000000000000000000000000000000002000000000000000000000000000000   221221             00000000000000                                                                  000043
1021903727600017200000260206200016896                         00000000400377768619000000000000000000000000060621122126/400377700000000400377768619241221000000003500010402257  000000000000000000000000000000000000000000000000000000000000000000000000000000000000003500000000000000000000000000000   221221             00000000000000                                                                  000044
1021903727600017200000260206200016896                         00000000400390302572000000000000000000000000060621122126/400390300000000400390302572241221000000000800065500001  000000000000000000000000000000000000000000000000000000000000000000000000000000000000000800000000000000000000000000000   221221             00000000000000                                                                  000045
1021903727600017200000260206200016896                         00000000400430316628000000000000000000000000060621122126/400430300000000400430316628241221000000000800065500001  000000000000000000000000000000000000000000000000000000000000000000000000000000000000000800000000000000000000000000000   221221             00000000000000                                                                  000046
1021903727600017200000260206200016896                         0000000040046772565P000000000000000000000000060621122126/40046770000000040046772565P241221000000002000075604327  000000000000000000000000000000000000000000000000000000000000000000000000000000000000002000000000000000000000000000000   221221             00000000000000                                                                  000047
1021903727600017200000260206200016896                         00000000400504916347000000000000000000000000060621122126/400504900000000400504916347241221000000000800065500001  000000000000000000000000000000000000000000000000000000000000000000000000000000000000000800000000000000000000000000000   221221             00000000000000                                                                  000048
1021903727600017200000260206200016896                         00000000400513485413000000000000000000000000060621122126/400513400000000400513485413241221000000000800065500001  000000000000000000000000000000000000000000000000000000000000000000000000000000000000000800000000000000000000000000000   221221             00000000000000                                                                  000049
1021903727600017200000260206200016896                         00000000400527606175000000000000000000000000060621122126/400527600000000400527606175241221000000000800065500001  000000000000000000000000000000000000000000000000000000000000000000000000000000000000000800000000000000000000000000000   221221             00000000000000                                                                  000050
1021903727600017200000260206200016896                         00000000400529744192000000000000000000000000060621122126/400529700000000400529744192241221000000000800065500001  000000000000000000000000000000000000000000000000000000000000000000000000000000000000000800000000000000000000000000000   221221             00000000000000                                                                  000051
1021903727600017200000260206200016896                         00000000400555277233000000000000000000000000060621122126/400555200000000400555277233241221000000000800065500001  000000000000000000000000000000000000000000000000000000000000000000000000000000000000000800000000000000000000000000000   221221             00000000000000                                                                  000052
1021903727600017200000260206200016896                         00000000400621246476000000000000000000000000060621122126/400621200000000400621246476241221000000000800065500001  000000000000000000000000000000000000000000000000000000000000000000000000000000000000000800000000000000000000000000000   221221             00000000000000                                                                  000053
1021903727600017200000260206200016896                         00000000400688065654000000000000000000000000060621122126/400688000000000400688065654241221000000000800065500001  000000000000000000000000000000000000000000000000000000000000000000000000000000000000000800000000000000000000000000000   221221             00000000000000                                                                  000054
1021903727600017200000260206200016896                         00000000400756069418000000000000000000000000060621122126/400756000000000400756069418241221000000000800065500001  000000000000000000000000000000000000000000000000000000000000000000000000000000000000000800000000000000000000000000000   221221             00000000000000                                                                  000055
1021903727600017200000260206200016896                         0000000040075628355P000000000000000000000000060621122126/40075620000000040075628355P241221000000000800065500001  000000000000000000000000000000000000000000000000000000000000000000000000000000000000000800000000000000000000000000000   221221             00000000000000                                                                  000056
1021903727600017200000260206200016896                         00000000400806727918000000000000000000000000060621122126/400806700000000400806727918241221000000000800063300001  000000000000000000000000000000000000000000000000000000000000000000000000000000000000000800000000000000000000000000000   221221             00000000000000                                                                  000057
1021903727600017200000260206200016896                         00000000400834571273000000000000000000000000060621122126/400834500000000400834571273241221000000000800065500001  000000000000000000000000000000000000000000000000000000000000000000000000000000000000000800000000000000000000000000000   221221             00000000000000                                                                  000058
1021903727600017200000260206200016896                         00000000400885030579000000000000000000000000060621122126/400885000000000400885030579241221000000000800065500001  000000000000000000000000000000000000000000000000000000000000000000000000000000000000000800000000000000000000000000000   221221             00000000000000                                                                  000059
1021903727600017200000260206200016896                         00000000400915437334000000000000000000000000060621122126/400915400000000400915437334241221000000002000075601098  000000000000000000000000000000000000000000000000000000000000000000000000000000000000002000000000000000000000000000000   221221             00000000000000                                                                  000060
1021903727600017200000260206200016896                         00000000400923923639000000000000000000000000060621122126/400923900000000400923923639241221000000001000010403711  000000000000000000000000000000000000000000000000000000000000000000000000000000000000001000000000000000000000000000000   221221             00000000000000                                                                  000061
1021903727600017200000260206200016896                         00000000400933608421000000000000000000000000060621122126/400933600000000400933608421241221000000000800065500001  000000000000000000000000000000000000000000000000000000000000000000000000000000000000000800000000000000000000000000000   221221             00000000000000                                                                  000062
1021903727600017200000260206200016896                         00000000400988125667000000000000000000000000060621122126/400988100000000400988125667241221000000007940075601396  000000000000000000000000000000000000000000000000000000000000000000000000000000000000007940000000000000000000000000000   221221             00000000000000                                                                  000063
1021903727600017200000260206200016896                         00000000200147192204000000000000000000000000061021122126/200147100000000200147192204211021000000000049923700000  000000000000000000000000000000000000000000000000000000000000000000000000000000000000000000000000000000000000000000000                          1600000000                                                                  000064
1021903727600017200000260206200016896                         00000000200693145667000000000000000000000000061021122126/200693100000000200693145667211021000000000500023700000  000000000000000000000000000000000000000000000000000000000000000000000000000000000000000000000000000000000000000000000                          1600000000                                                                  000065
1021903727600017200000260206200016896                         00000000200960172377000000000000000000000000061021122126/200960100000000200960172377211021000000001741123700000  000000000000000000000000000000000000000000000000000000000000000000000000000000000000000000000000000000000000000000000                          1600000000                                                                  000066
1021903727600017200000260206200016896                         00000000400066606879000000000000000000000000061021122126/400066600000000400066606879211021000000000840023700000  000000000000000000000000000000000000000000000000000000000000000000000000000000000000000000000000000000000000000000000                          1600000000                                                                  000067
1021903727600017200000260206200016896                         00000000400233464038000000000000000000000000061021122126/400233400000000400233464038211021000000000800023700000  000000000000000000000000000000000000000000000000000000000000000000000000000000000000000000000000000000000000000000000                          1600000000                                                                  000068
1021903727600017200000260206200016896                         00000000400270989825000000000000000000000000061021122126/400270900000000400270989825211021000000000800023700000  000000000000000000000000000000000000000000000000000000000000000000000000000000000000000000000000000000000000000000000                          1600000000                                                                  000069
1021903727600017200000260206200016896                         00000000400275378484000000000000000000000000061021122126/400275300000000400275378484211021000000000800023700000  000000000000000000000000000000000000000000000000000000000000000000000000000000000000000000000000000000000000000000000                          1600000000                                                                  000070
1021903727600017200000260206200016896                         00000000400292070914000000000000000000000000061021122126/400292000000000400292070914211021000000001260023700000  000000000000000000000000000000000000000000000000000000000000000000000000000000000000000000000000000000000000000000000                          1600000000                                                                  000071
1021903727600017200000260206200016896                         00000000400378106709000000000000000000000000061021122126/400378100000000400378106709211021000000000800023700000  000000000000000000000000000000000000000000000000000000000000000000000000000000000000000000000000000000000000000000000                          1600000000                                                                  000072
1021903727600017200000260206200016896                         00000000400386767331000000000000000000000000061021122126/400386700000000400386767331211021000000000800023700000  000000000000000000000000000000000000000000000000000000000000000000000000000000000000000000000000000000000000000000000                          1600000000                                                                  000073
1021903727600017200000260206200016896                         0000000040039515539P000000000000000000000000061021122126/40039510000000040039515539P211021000000000800023700000  000000000000000000000000000000000000000000000000000000000000000000000000000000000000000000000000000000000000000000000                          1600000000                                                                  000074
1021903727600017200000260206200016896                         00000000400435320143000000000000000000000000061021122126/400435300000000400435320143211021000000000800023700000  000000000000000000000000000000000000000000000000000000000000000000000000000000000000000000000000000000000000000000000                          1600000000                                                                  000075
1021903727600017200000260206200016896                         0000000040044839913P000000000000000000000000061021122126/40044830000000040044839913P211021000000000800023700000  000000000000000000000000000000000000000000000000000000000000000000000000000000000000000000000000000000000000000000000                          1600000000                                                                  000076
1021903727600017200000260206200016896                         00000000400549912903000000000000000000000000061021122126/400549900000000400549912903211021000000000800023700000  000000000000000000000000000000000000000000000000000000000000000000000000000000000000000000000000000000000000000000000                          1600000000                                                                  000077
1021903727600017200000260206200016896                         00000000400551400618000000000000000000000000061021122126/400551400000000400551400618211021000000000840023700000  000000000000000000000000000000000000000000000000000000000000000000000000000000000000000000000000000000000000000000000                          1600000000                                                                  000078
1021903727600017200000260206200016896                         00000000400661833196000000000000000000000000061021122126/400661800000000400661833196211021000000000800023700000  000000000000000000000000000000000000000000000000000000000000000000000000000000000000000000000000000000000000000000000                          1600000000                                                                  000079
1021903727600017200000260206200016896                         00000000400672549112000000000000000000000000061021122126/400672500000000400672549112211021000000001500023700000  000000000000000000000000000000000000000000000000000000000000000000000000000000000000000000000000000000000000000000000                          1600000000                                                                  000080
1021903727600017200000260206200016896                         00000000400699231955000000000000000000000000061021122126/400699200000000400699231955211021000000000840023700000  000000000000000000000000000000000000000000000000000000000000000000000000000000000000000000000000000000000000000000000                          1600000000                                                                  000081
1021903727600017200000260206200016896                         00000000400734152850000000000000000000000000061021122126/400734100000000400734152850211021000000001000023700000  000000000000000000000000000000000000000000000000000000000000000000000000000000000000000000000000000000000000000000000                          1600000000                                                                  000082
1021903727600017200000260206200016896                         00000000400790478904000000000000000000000000061021122126/400790400000000400790478904211021000000000800023700000  000000000000000000000000000000000000000000000000000000000000000000000000000000000000000000000000000000000000000000000                          1600000000                                                                  000083
1021903727600017200000260206200016896                         00000000400801454255000000000000000000000000061021122126/400801400000000400801454255211021000000000800023700000  000000000000000000000000000000000000000000000000000000000000000000000000000000000000000000000000000000000000000000000                          1600000000                                                                  000084
1021903727600017200000260206200016896                         00000000400868373381000000000000000000000000061021122126/400868300000000400868373381211021000000000800023700000  000000000000000000000000000000000000000000000000000000000000000000000000000000000000000000000000000000000000000000000                          1600000000                                                                  000085
1021903727600017200000260206200016896                         00000000400913020762000000000000000000000000061021122126/400913000000000400913020762211021000000000800023700000  000000000000000000000000000000000000000000000000000000000000000000000000000000000000000000000000000000000000000000000                          1600000000                                                                  000086
1021903727600017200000260206200016896                         0000000040093471425P000000000000000000000000061021122126/40093470000000040093471425P211021000000000800023700000  000000000000000000000000000000000000000000000000000000000000000000000000000000000000000000000000000000000000000000000                          1600000000                                                                  000087
1021903727600017200000260206200016896                         00000000400964384807000000000000000000000000061021122126/400964300000000400964384807211021000000000800023700000  000000000000000000000000000000000000000000000000000000000000000000000000000000000000000000000000000000000000000000000                          1600000000                                                                  000088
1021903727600017200000260206200016896                         0000000060022984397P000000000000000000000000061021122126/60022980000000060022984397P211021000000000119923700000  000000000000000000000000000000000000000000000000000000000000000000000000000000000000000000000000000000000000000000000                          1600000000                                                                  000089
1021903727600017200000260206200016896                         00000000600549105950000000000000000000000000061021122126/600549100000000600549105950211021000000000119923700000  000000000000000000000000000000000000000000000000000000000000000000000000000000000000000000000000000000000000000000000                          1600000000                                                                  000090
9201237          000003580000000931142600000833          00036000002183781000000493197000260000004931970002700000021610800000000000000000000000000000000000000000000000000000000000000000000                                                                                                                                                                              00000000000000000000000         000091
