02RETORNO01COBRANCA       00000000000005034448E-PREPAG ADMINISTRADORA DE CAR237BRADESCO       2211210160000000812                                                                                                                                                                                                                                                                          231121         000001
1021903727600017200000260206200016896                         00000000100031976742000000000000000000000000060222112126/100031900000000100031976742231121000000001568023704151  000000000008200000000000000000000000000000000000000000000000000000000000000000000000000000000000000000000000000000000                          0000000000                                                                  000002
1021903727600017200000260206200016896                         00000000100031982025000000000000000000000000060222112126/100031900000000100031982025231121000000003380023704400  000000000008200000000000000000000000000000000000000000000000000000000000000000000000000000000000000000000000000000000                          0000000000                                                                  000003
1021903727600017200000260206200016896                         0000000010003198222P000000000000000000000000060222112126/10003190000000010003198222P231121000000000126023704151  000000000008200000000000000000000000000000000000000000000000000000000000000000000000000000000000000000000000000000000                          0000000000                                                                  000004
1021903727600017200000260206200016896                         00000000100031984877000000000000000000000000060222112126/100031900000000100031984877231121000000001170023704152  000000000008200000000000000000000000000000000000000000000000000000000000000000000000000000000000000000000000000000000                          0000000000                                                                  000005
1021903727600017200000260206200016896                         00000000100031984990000000000000000000000000060222112126/100031900000000100031984990231121000000011279523704602  000000000008200000000000000000000000000000000000000000000000000000000000000000000000000000000000000000000000000000000                          0000000000                                                                  000006
1021903727600017200000260206200016896                         00000000100032013646000000000000000000000000060222112126/100032000000000100032013646231121000000000095023704151  000000000008200000000000000000000000000000000000000000000000000000000000000000000000000000000000000000000000000000000                          0000000000                                                                  000007
1021903727600017200000260206200016896                         00000000200288962003000000000000000000000000060222112126/200288900000000200288962003251121000000000219923700389  000000000008200000000000000000000000000000000000000000000000000000000000000000000000000000000000000000000000000000000                          0000000000                                                                  000008
1021903727600017200000260206200016896                         00000000200433818498000000000000000000000000060222112126/200433800000000200433818498251121000000001009623704154  000000000008200000000000000000000000000000000000000000000000000000000000000000000000000000000000000000000000000000000                          0000000000                                                                  000009
1021903727600017200000260206200016896                         00000000200473112156000000000000000000000000060222112126/200473100000000200473112156251121000000000500023704422  000000000008200000000000000000000000000000000000000000000000000000000000000000000000000000000000000000000000000000000                          7600000000                                                                  000010
1021903727600017200000260206200016896                         0000000020054791098P000000000000000000000000060222112126/20054790000000020054791098P251121000000000710023700140  000000000008200000000000000000000000000000000000000000000000000000000000000000000000000000000000000000000000000000000                          0000000000                                                                  000011
1021903727600017200000260206200016896                         00000000200550812220000000000000000000000000060222112126/200550800000000200550812220251121000000001009623704154  000000000008200000000000000000000000000000000000000000000000000000000000000000000000000000000000000000000000000000000                          0000000000                                                                  000012
1021903727600017200000260206200016896                         00000000200572867126000000000000000000000000060222112126/200572800000000200572867126231121000000001680523704424  000000000008200000000000000000000000000000000000000000000000000000000000000000000000000000000000000000000000000000000                          0000000000                                                                  000013
1021903727600017200000260206200016896                         00000000200640349309000000000000000000000000060222112126/200640300000000200640349309251121000000000235823704424  000000000008200000000000000000000000000000000000000000000000000000000000000000000000000000000000000000000000000000000                          0000000000                                                                  000014
1021903727600017200000260206200016896                         0000000020079900499P000000000000000000000000060222112126/20079900000000020079900499P251121000000000673123704147  000000000008200000000000000000000000000000000000000000000000000000000000000000000000000000000000000000000000000000000                          0000000000                                                                  000015
1021903727600017200000260206200016896                         00000000200833709957000000000000000000000000060222112126/200833700000000200833709957241121000000000673723704424  000000000008200000000000000000000000000000000000000000000000000000000000000000000000000000000000000000000000000000000                          0000000000                                                                  000016
1021903727600017200000260206200016896                         00000000200940752377000000000000000000000000060222112126/200940700000000200940752377241121000000000266923704424  000000000008200000000000000000000000000000000000000000000000000000000000000000000000000000000000000000000000000000000                          0000000000                                                                  000017
1021903727600017200000260206200016896                         00000000400081279299000000000000000000000000060222112126/400081200000000400081279299251121000000008000023704144  000000000008200000000000000000000000000000000000000000000000000000000000000000000000000000000000000000000000000000000                          0000000000                                                                  000018
1021903727600017200000260206200016896                         00000000400081842953000000000000000000000000060222112126/400081800000000400081842953251121000000000800023704143  000000000008200000000000000000000000000000000000000000000000000000000000000000000000000000000000000000000000000000000                          0000000000                                                                  000019
1021903727600017200000260206200016896                         00000000400103894901000000000000000000000000060222112126/400103800000000400103894901251121000000000800023704151  000000000008200000000000000000000000000000000000000000000000000000000000000000000000000000000000000000000000000000000                          0000000000                                                                  000020
1021903727600017200000260206200016896                         00000000400165183289000000000000000000000000060222112126/400165100000000400165183289251121000000001100023700140  000000000008200000000000000000000000000000000000000000000000000000000000000000000000000000000000000000000000000000000                          0000000000                                                                  000021
1021903727600017200000260206200016896                         00000000400209884832000000000000000000000000060222112126/400209800000000400209884832251121000000002150023704158  000000000008200000000000000000000000000000000000000000000000000000000000000000000000000000000000000000000000000000000                          0000000000                                                                  000022
1021903727600017200000260206200016896                         00000000400226624542000000000000000000000000060222112126/400226600000000400226624542251121000000002000023704157  000000000008200000000000000000000000000000000000000000000000000000000000000000000000000000000000000000000000000000000                          0000000000                                                                  000023
1021903727600017200000260206200016896                         00000000400278548976000000000000000000000000060222112126/400278500000000400278548976251121000000000800023704422  000000000008200000000000000000000000000000000000000000000000000000000000000000000000000000000000000000000000000000000                          0000000000                                                                  000024
1021903727600017200000260206200016896                         0000000040031373835P000000000000000000000000060222112126/40031370000000040031373835P251121000000011110023704154  000000000008200000000000000000000000000000000000000000000000000000000000000000000000000000000000000000000000000000000                          0000000000                                                                  000025
1021903727600017200000260206200016896                         00000000400337204259000000000000000000000000060222112126/400337200000000400337204259241121000000000800023704151  000000000008200000000000000000000000000000000000000000000000000000000000000000000000000000000000000000000000000000000                          0000000000                                                                  000026
1021903727600017200000260206200016896                         00000000400368526734000000000000000000000000060222112126/400368500000000400368526734251121000000005870023704158  000000000008200000000000000000000000000000000000000000000000000000000000000000000000000000000000000000000000000000000                          0000000000                                                                  000027
1021903727600017200000260206200016896                         00000000400373571578000000000000000000000000060222112126/400373500000000400373571578241121000000150000023704428  000000000008200000000000000000000000000000000000000000000000000000000000000000000000000000000000000000000000000000000                          7600000000                                                                  000028
1021903727600017200000260206200016896                         0000000040039281533P000000000000000000000000060222112126/40039280000000040039281533P251121000000001000023700140  000000000008200000000000000000000000000000000000000000000000000000000000000000000000000000000000000000000000000000000                          0000000000                                                                  000029
1021903727600017200000260206200016896                         00000000400400431619000000000000000000000000060222112126/400400400000000400400431619251121000000004550023700389  000000000008200000000000000000000000000000000000000000000000000000000000000000000000000000000000000000000000000000000                          0000000000                                                                  000030
1021903727600017200000260206200016896                         00000000400415239730000000000000000000000000060222112126/400415200000000400415239730231121000000005600023704143  000000000008200000000000000000000000000000000000000000000000000000000000000000000000000000000000000000000000000000000                          0000000000                                                                  000031
1021903727600017200000260206200016896                         0000000040042923698P000000000000000000000000060222112126/40042920000000040042923698P251121000000000800023704422  000000000008200000000000000000000000000000000000000000000000000000000000000000000000000000000000000000000000000000000                          0000000000                                                                  000032
1021903727600017200000260206200016896                         00000000400439164324000000000000000000000000060222112126/400439100000000400439164324251121000000002000023704151  000000000008200000000000000000000000000000000000000000000000000000000000000000000000000000000000000000000000000000000                          0000000000                                                                  000033
1021903727600017200000260206200016896                         00000000400507867053000000000000000000000000060222112126/400507800000000400507867053251121000000001760023704157  000000000008200000000000000000000000000000000000000000000000000000000000000000000000000000000000000000000000000000000                          0000000000                                                                  000034
1021903727600017200000260206200016896                         00000000400511850998000000000000000000000000060222112126/400511800000000400511850998251121000000000900023700389  000000000008200000000000000000000000000000000000000000000000000000000000000000000000000000000000000000000000000000000                          0000000000                                                                  000035
1021903727600017200000260206200016896                         00000000400518123463000000000000000000000000060222112126/400518100000000400518123463251121000000010000023700153  000000000008200000000000000000000000000000000000000000000000000000000000000000000000000000000000000000000000000000000                          0000000000                                                                  000036
1021903727600017200000260206200016896                         00000000400531281817000000000000000000000000060222112126/400531200000000400531281817251121000000003000023704158  000000000008200000000000000000000000000000000000000000000000000000000000000000000000000000000000000000000000000000000                          0000000000                                                                  000037
1021903727600017200000260206200016896                         00000000400534025277000000000000000000000000060222112126/400534000000000400534025277251121000000005000023704157  000000000008200000000000000000000000000000000000000000000000000000000000000000000000000000000000000000000000000000000                          0000000000                                                                  000038
1021903727600017200000260206200016896                         00000000400551372959000000000000000000000000060222112126/400551300000000400551372959251121000000003000023704426  000000000008200000000000000000000000000000000000000000000000000000000000000000000000000000000000000000000000000000000                          0000000000                                                                  000039
1021903727600017200000260206200016896                         00000000400554189535000000000000000000000000060222112126/400554100000000400554189535251121000000000800023704422  000000000008200000000000000000000000000000000000000000000000000000000000000000000000000000000000000000000000000000000                          0000000000                                                                  000040
1021903727600017200000260206200016896                         00000000400561747926000000000000000000000000060222112126/400561700000000400561747926251121000000099000023704151  000000000008200000000000000000000000000000000000000000000000000000000000000000000000000000000000000000000000000000000                          7600000000                                                                  000041
1021903727600017200000260206200016896                         00000000400599930759000000000000000000000000060222112126/400599900000000400599930759251121000000002560023704426  000000000008200000000000000000000000000000000000000000000000000000000000000000000000000000000000000000000000000000000                          0000000000                                                                  000042
1021903727600017200000260206200016896                         00000000400620577827000000000000000000000000060222112126/400620500000000400620577827251121000000000800023704159  000000000008200000000000000000000000000000000000000000000000000000000000000000000000000000000000000000000000000000000                          0000000000                                                                  000043
1021903727600017200000260206200016896                         00000000400661348964000000000000000000000000060222112126/400661300000000400661348964251121000000006000023700140  000000000008200000000000000000000000000000000000000000000000000000000000000000000000000000000000000000000000000000000                          0000000000                                                                  000044
1021903727600017200000260206200016896                         00000000400690824074000000000000000000000000060222112126/400690800000000400690824074231121000000004000023704151  000000000008200000000000000000000000000000000000000000000000000000000000000000000000000000000000000000000000000000000                          0000000000                                                                  000045
1021903727600017200000260206200016896                         0000000040069622351P000000000000000000000000060222112126/40069620000000040069622351P251121000000000800023704422  000000000008200000000000000000000000000000000000000000000000000000000000000000000000000000000000000000000000000000000                          0000000000                                                                  000046
1021903727600017200000260206200016896                         00000000400718351487000000000000000000000000060222112126/400718300000000400718351487251121000000008700023704154  000000000008200000000000000000000000000000000000000000000000000000000000000000000000000000000000000000000000000000000                          0000000000                                                                  000047
1021903727600017200000260206200016896                         0000000040072644849P000000000000000000000000060222112126/40072640000000040072644849P251121000000005000023702062  000000000008200000000000000000000000000000000000000000000000000000000000000000000000000000000000000000000000000000000                          0000000000                                                                  000048
1021903727600017200000260206200016896                         00000000400748280495000000000000000000000000060222112126/400748200000000400748280495251121000000005000023704154  000000000008200000000000000000000000000000000000000000000000000000000000000000000000000000000000000000000000000000000                          0000000000                                                                  000049
1021903727600017200000260206200016896                         00000000400769458618000000000000000000000000060222112126/400769400000000400769458618251121000000000800023703109  000000000008200000000000000000000000000000000000000000000000000000000000000000000000000000000000000000000000000000000                          0000000000                                                                  000050
1021903727600017200000260206200016896                         00000000400794212593000000000000000000000000060222112126/400794200000000400794212593231121000000000980023704452  000000000008200000000000000000000000000000000000000000000000000000000000000000000000000000000000000000000000000000000                          0000000000                                                                  000051
1021903727600017200000260206200016896                         00000000400807278920000000000000000000000000060222112126/400807200000000400807278920251121000000007400023702062  000000000008200000000000000000000000000000000000000000000000000000000000000000000000000000000000000000000000000000000                          0000000000                                                                  000052
1021903727600017200000260206200016896                         00000000400842556186000000000000000000000000060222112126/400842500000000400842556186251121000000009000023704157  000000000008200000000000000000000000000000000000000000000000000000000000000000000000000000000000000000000000000000000                          0000000000                                                                  000053
1021903727600017200000260206200016896                         0000000040085230682P000000000000000000000000060222112126/40085230000000040085230682P251121000000000800023704422  000000000008200000000000000000000000000000000000000000000000000000000000000000000000000000000000000000000000000000000                          0000000000                                                                  000054
1021903727600017200000260206200016896                         00000000400863573579000000000000000000000000060222112126/400863500000000400863573579251121000000006500023704159  000000000008200000000000000000000000000000000000000000000000000000000000000000000000000000000000000000000000000000000                          0000000000                                                                  000055
1021903727600017200000260206200016896                         00000000400868854274000000000000000000000000060222112126/400868800000000400868854274251121000000010000023704452  000000000008200000000000000000000000000000000000000000000000000000000000000000000000000000000000000000000000000000000                          0000000000                                                                  000056
1021903727600017200000260206200016896                         00000000400878511022000000000000000000000000060222112126/400878500000000400878511022251121000000009000023704157  000000000008200000000000000000000000000000000000000000000000000000000000000000000000000000000000000000000000000000000                          0000000000                                                                  000057
1021903727600017200000260206200016896                         00000000400900454879000000000000000000000000060222112126/400900400000000400900454879251121000000000800023704422  000000000008200000000000000000000000000000000000000000000000000000000000000000000000000000000000000000000000000000000                          0000000000                                                                  000058
1021903727600017200000260206200016896                         00000000400953985957000000000000000000000000060222112126/400953900000000400953985957251121000000009000023704157  000000000008200000000000000000000000000000000000000000000000000000000000000000000000000000000000000000000000000000000                          0000000000                                                                  000059
1021903727600017200000260206200016896                         00000000600356055093000000000000000000000000060222112126/600356000000000600356055093241121000000000399923700408  000000000008200000000000000000000000000000000000000000000000000000000000000000000000000000000000000000000000000000000                          0000000000                                                                  000060
1021903727600017200000260206200016896                         00000000600793294080000000000000000000000000060222112126/600793200000000600793294080231121000000000269923704159  000000000008200000000000000000000000000000000000000000000000000000000000000000000000000000000000000000000000000000000                          7600000000                                                                  000061
1021903727600017200000260206200016896                         00000000100031976742000000000000000000000000060622112126/100031900000000100031976742231121000000001568034100248  000000000000000000000000000000000000000000000000000000000000000000000000000000000000001568000000000000000000000000000   231121             00000000000000                                                                  000062
1021903727600017200000260206200016896                         0000000010003198222P000000000000000000000000060622112126/10003190000000010003198222P231121000000000126034105283  000000000000000000000000000000000000000000000000000000000000000000000000000000000000000126000000000000000000000000000   231121             00000000000000                                                                  000063
1021903727600017200000260206200016896                         00000000100031984877000000000000000000000000060622112126/100031900000000100031984877231121000000001170063300001  000000000000000000000000000000000000000000000000000000000000000000000000000000000000001170000000000000000000000000000   231121             00000000000000                                                                  000064
1021903727600017200000260206200016896                         00000000100031984990000000000000000000000000060622112126/100031900000000100031984990231121000000011279510403653  000000000000000000000000000000000000000000000000000000000000000000000000000000000000011279500000000000000000000000000   231121             00000000000000                                                                  000065
1021903727600017200000260206200016896                         00000000100032013646000000000000000000000000060622112126/100032000000000100032013646231121000000000095034109926  000000000000000000000000000000000000000000000000000000000000000000000000000000000000000095000000000000000000000000000   231121             00000000000000                                                                  000066
1021903727600017200000260206200016896                         00000000200288962003000000000000000000000000060622112126/200288900000000200288962003251121000000000219963300001  000000000000000000000000000000000000000000000000000000000000000000000000000000000000000219900000000000000000000000000   231121             00000000000000                                                                  000067
1021903727600017200000260206200016896                         00000000200433818498000000000000000000000000060622112126/200433800000000200433818498251121000000001009610400172  000000000000000000000000000000000000000000000000000000000000000000000000000000000000001009600000000000000000000000000   231121             00000000000000                                                                  000068
1021903727600017200000260206200016896                         00000000200473112156000000000000000000000000060622112126/200473100000000200473112156251121000000000500063300001  000000000000000000000000000000000000000000000000000000000000000000000000000000000000000500000000000000000000000000000   231121             00000000000000                                                                  000069
1021903727600017200000260206200016896                         00000000200550812220000000000000000000000000060622112126/200550800000000200550812220251121000000001009610400172  000000000000000000000000000000000000000000000000000000000000000000000000000000000000001009600000000000000000000000000   231121             00000000000000                                                                  000070
1021903727600017200000260206200016896                         00000000200640349309000000000000000000000000060622112126/200640300000000200640349309251121000000000235823700705  000000000000000000000000000000000000000000000000000000000000000000000000000000000000000235800000000000000000000000000   231121             00000000000000                                                                  000071
1021903727600017200000260206200016896                         00000000200833709957000000000000000000000000060622112126/200833700000000200833709957241121000000000673710403650  000000000000000000000000000000000000000000000000000000000000000000000000000000000000000673700000000000000000000000000   231121             00000000000000                                                                  000072
1021903727600017200000260206200016896                         00000000200940752377000000000000000000000000060622112126/200940700000000200940752377241121000000000266910403650  000000000000000000000000000000000000000000000000000000000000000000000000000000000000000266900000000000000000000000000   231121             00000000000000                                                                  000073
1021903727600017200000260206200016896                         00000000400081279299000000000000000000000000060622112126/400081200000000400081279299251121000000008000010400397  000000000000000000000000000000000000000000000000000000000000000000000000000000000000008000000000000000000000000000000   231121             00000000000000                                                                  000074
1021903727600017200000260206200016896                         00000000400103894901000000000000000000000000060622112126/400103800000000400103894901251121000000000800010401187  000000000000000000000000000000000000000000000000000000000000000000000000000000000000000800000000000000000000000000000   231121             00000000000000                                                                  000075
1021903727600017200000260206200016896                         00000000400165183289000000000000000000000000060622112126/400165100000000400165183289251121000000001100075604327  000000000000000000000000000000000000000000000000000000000000000000000000000000000000001100000000000000000000000000000   231121             00000000000000                                                                  000076
1021903727600017200000260206200016896                         00000000400209884832000000000000000000000000060622112126/400209800000000400209884832251121000000002150000102020  000000000000000000000000000000000000000000000000000000000000000000000000000000000000002150000000000000000000000000000   231121             00000000000000                                                                  000077
1021903727600017200000260206200016896                         00000000400278548976000000000000000000000000060622112126/400278500000000400278548976251121000000000800065500001  000000000000000000000000000000000000000000000000000000000000000000000000000000000000000800000000000000000000000000000   231121             00000000000000                                                                  000078
1021903727600017200000260206200016896                         00000000400281451711000000000000000000000000060622112126/400281400000000400281451711221121000000000800003303174  000000000000000000000000000000000000000000000000000000000000000000000000000000000000000800000000000000000000000000000   231121             00000000000000                                                                  000079
1021903727600017200000260206200016896                         0000000040031373835P000000000000000000000000060622112126/40031370000000040031373835P251121000000011110010400721  000000000000000000000000000000000000000000000000000000000000000000000000000000000000011110000000000000000000000000000   231121             00000000000000                                                                  000080
1021903727600017200000260206200016896                         00000000400337204259000000000000000000000000060622112126/400337200000000400337204259241121000000000800063300001  000000000000000000000000000000000000000000000000000000000000000000000000000000000000000800000000000000000000000000000   231121             00000000000000                                                                  000081
1021903727600017200000260206200016896                         00000000400368526734000000000000000000000000060622112126/400368500000000400368526734251121000000005870010400422  000000000000000000000000000000000000000000000000000000000000000000000000000000000000005870000000000000000000000000000   231121             00000000000000                                                                  000082
1021903727600017200000260206200016896                         0000000040039281533P000000000000000000000000060622112126/40039280000000040039281533P251121000000001000075604327  000000000000000000000000000000000000000000000000000000000000000000000000000000000000001000000000000000000000000000000   231121             00000000000000                                                                  000083
1021903727600017200000260206200016896                         00000000400400431619000000000000000000000000060622112126/400400400000000400400431619251121000000004550065500001  000000000000000000000000000000000000000000000000000000000000000000000000000000000000004550000000000000000000000000000   231121             00000000000000                                                                  000084
1021903727600017200000260206200016896                         00000000400415239730000000000000000000000000060622112126/400415200000000400415239730231121000000005600010403646  000000000000000000000000000000000000000000000000000000000000000000000000000000000000005600000000000000000000000000000   231121             00000000000000                                                                  000085
1021903727600017200000260206200016896                         0000000040042923698P000000000000000000000000060622112126/40042920000000040042923698P251121000000000800065500001  000000000000000000000000000000000000000000000000000000000000000000000000000000000000000800000000000000000000000000000   231121             00000000000000                                                                  000086
1021903727600017200000260206200016896                         00000000400439164324000000000000000000000000060622112126/400439100000000400439164324251121000000002000010400280  000000000000000000000000000000000000000000000000000000000000000000000000000000000000002000000000000000000000000000000   231121             00000000000000                                                                  000087
1021903727600017200000260206200016896                         00000000400511850998000000000000000000000000060622112126/400511800000000400511850998251121000000000900010401557  000000000000000000000000000000000000000000000000000000000000000000000000000000000000000900000000000000000000000000000   231121             00000000000000                                                                  000088
1021903727600017200000260206200016896                         00000000400518123463000000000000000000000000060622112126/400518100000000400518123463251121000000010000023705889  000000000000000000000000000000000000000000000000000000000000000000000000000000000000010000000000000000000000000000000   231121             00000000000000                                                                  000089
1021903727600017200000260206200016896                         00000000400531281817000000000000000000000000060622112126/400531200000000400531281817251121000000003000074800718  000000000000000000000000000000000000000000000000000000000000000000000000000000000000003000000000000000000000000000000   231121             00000000000000                                                                  000090
1021903727600017200000260206200016896                         00000000400534025277000000000000000000000000060622112126/400534000000000400534025277251121000000005000026000001  000000000000000000000000000000000000000000000000000000000000000000000000000000000000005000000000000000000000000000000   231121             00000000000000                                                                  000091
1021903727600017200000260206200016896                         00000000400551372959000000000000000000000000060622112126/400551300000000400551372959251121000000003000010403711  000000000000000000000000000000000000000000000000000000000000000000000000000000000000003000000000000000000000000000000   231121             00000000000000                                                                  000092
1021903727600017200000260206200016896                         00000000400554189535000000000000000000000000060622112126/400554100000000400554189535251121000000000800000103192  000000000000000000000000000000000000000000000000000000000000000000000000000000000000000800000000000000000000000000000   231121             00000000000000                                                                  000093
1021903727600017200000260206200016896                         00000000400561747926000000000000000000000000060622112126/400561700000000400561747926251121000000099000063300001  000000000000000000000000000000000000000000000000000000000000000000000000000000000000099000000000000000000000000000000   231121             00000000000000                                                                  000094
1021903727600017200000260206200016896                         00000000400599930759000000000000000000000000060622112126/400599900000000400599930759251121000000002560004100377  000000000000000000000000000000000000000000000000000000000000000000000000000000000000002560000000000000000000000000000   231121             00000000000000                                                                  000095
1021903727600017200000260206200016896                         00000000400620577827000000000000000000000000060622112126/400620500000000400620577827251121000000000800003303124  000000000000000000000000000000000000000000000000000000000000000000000000000000000000000800000000000000000000000000000   231121             00000000000000                                                                  000096
1021903727600017200000260206200016896                         00000000400661348964000000000000000000000000060622112126/400661300000000400661348964251121000000006000075604327  000000000000000000000000000000000000000000000000000000000000000000000000000000000000006000000000000000000000000000000   231121             00000000000000                                                                  000097
1021903727600017200000260206200016896                         00000000400679569410000000000000000000000000060622112126/400679500000000400679569410201121000000006180010400422  000000000000000000000000000000000000000000000000000000000000000000000000000000000000006180000000000000000000000000000   231121             00000000000000                                                                  000098
1021903727600017200000260206200016896                         00000000400690824074000000000000000000000000060622112126/400690800000000400690824074231121000000004000010402996  000000000000000000000000000000000000000000000000000000000000000000000000000000000000004000000000000000000000000000000   231121             00000000000000                                                                  000099
1021903727600017200000260206200016896                         0000000040069622351P000000000000000000000000060622112126/40069620000000040069622351P251121000000000800065500001  000000000000000000000000000000000000000000000000000000000000000000000000000000000000000800000000000000000000000000000   231121             00000000000000                                                                  000100
1021903727600017200000260206200016896                         0000000040072644849P000000000000000000000000060622112126/40072640000000040072644849P251121000000005000021200001  000000000000000000000000000000000000000000000000000000000000000000000000000000000000005000000000000000000000000000000   231121             00000000000000                                                                  000101
1021903727600017200000260206200016896                         00000000400748280495000000000000000000000000060622112126/400748200000000400748280495251121000000005000075601271  000000000000000000000000000000000000000000000000000000000000000000000000000000000000005000000000000000000000000000000   231121             00000000000000                                                                  000102
1021903727600017200000260206200016896                         00000000400769458618000000000000000000000000060622112126/400769400000000400769458618251121000000000800065500001  000000000000000000000000000000000000000000000000000000000000000000000000000000000000000800000000000000000000000000000   231121             00000000000000                                                                  000103
1021903727600017200000260206200016896                         00000000400807278920000000000000000000000000060622112126/400807200000000400807278920251121000000007400010402257  000000000000000000000000000000000000000000000000000000000000000000000000000000000000007400000000000000000000000000000   231121             00000000000000                                                                  000104
1021903727600017200000260206200016896                         00000000400842556186000000000000000000000000060622112126/400842500000000400842556186251121000000009000023703929  000000000000000000000000000000000000000000000000000000000000000000000000000000000000009000000000000000000000000000000   231121             00000000000000                                                                  000105
1021903727600017200000260206200016896                         0000000040085230682P000000000000000000000000060622112126/40085230000000040085230682P251121000000000800065500001  000000000000000000000000000000000000000000000000000000000000000000000000000000000000000800000000000000000000000000000   231121             00000000000000                                                                  000106
1021903727600017200000260206200016896                         00000000400863573579000000000000000000000000060622112126/400863500000000400863573579251121000000006500075604327  000000000000000000000000000000000000000000000000000000000000000000000000000000000000006500000000000000000000000000000   231121             00000000000000                                                                  000107
1021903727600017200000260206200016896                         00000000400868854274000000000000000000000000060622112126/400868800000000400868854274251121000000010000010401089  000000000000000000000000000000000000000000000000000000000000000000000000000000000000010000000000000000000000000000000   231121             00000000000000                                                                  000108
1021903727600017200000260206200016896                         00000000400900454879000000000000000000000000060622112126/400900400000000400900454879251121000000000800065500001  000000000000000000000000000000000000000000000000000000000000000000000000000000000000000800000000000000000000000000000   231121             00000000000000                                                                  000109
1021903727600017200000260206200016896                         00000000600793294080000000000000000000000000060622112126/600793200000000600793294080231121000000000269910401581  000000000000000000000000000000000000000000000000000000000000000000000000000000000000000269900000000000000000000000000   231121             00000000000000                                                                  000110
1021903727600017200000260206200016896                         00000000200436601937000000000000000000000000061022112126/200436600000000200436601937220921000000000194423700000  000000000000000000000000000000000000000000000000000000000000000000000000000000000000000000000000000000000000000000000                          1600000000                                                                  000111
1021903727600017200000260206200016896                         00000000200909581769000000000000000000000000061022112126/200909500000000200909581769210921000000000432423700000  000000000000000000000000000000000000000000000000000000000000000000000000000000000000000000000000000000000000000000000                          1600000000                                                                  000112
1021903727600017200000260206200016896                         00000000200914444184000000000000000000000000061022112126/200914400000000200914444184220921000000000431923700000  000000000000000000000000000000000000000000000000000000000000000000000000000000000000000000000000000000000000000000000                          1600000000                                                                  000113
1021903727600017200000260206200016896                         00000000400154166560000000000000000000000000061022112126/400154100000000400154166560200921000000148500023700000  000000000000000000000000000000000000000000000000000000000000000000000000000000000000000000000000000000000000000000000                          1600000000                                                                  000114
1021903727600017200000260206200016896                         0000000040040271068P000000000000000000000000061022112126/40040270000000040040271068P200921000000020800023700000  000000000000000000000000000000000000000000000000000000000000000000000000000000000000000000000000000000000000000000000                          1600000000                                                                  000115
1021903727600017200000260206200016896                         00000000400687757706000000000000000000000000061022112126/400687700000000400687757706200921000000001800023700000  000000000000000000000000000000000000000000000000000000000000000000000000000000000000000000000000000000000000000000000                          1600000000                                                                  000116
1021903727600017200000260206200016896                         0000000040084343775P000000000000000000000000061022112126/40084340000000040084343775P200921000000001000023700000  000000000000000000000000000000000000000000000000000000000000000000000000000000000000000000000000000000000000000000000                          1600000000                                                                  000117
1021903727600017200000260206200016896                         00000000600145165895000000000000000000000000061022112126/600145100000000600145165895220921000000000069923700000  000000000000000000000000000000000000000000000000000000000000000000000000000000000000000000000000000000000000000000000                          1600000000                                                                  000118
1021903727600017200000260206200016896                         0000000060016584666P000000000000000000000000061022112126/60016580000000060016584666P210921000000000500023700000  000000000000000000000000000000000000000000000000000000000000000000000000000000000000000000000000000000000000000000000                          1600000000                                                                  000119
1021903727600017200000260206200016896                         00000000600255063907000000000000000000000000061022112126/600255000000000600255063907210921000000000319923700000  000000000000000000000000000000000000000000000000000000000000000000000000000000000000000000000000000000000000000000000                          1600000000                                                                  000120
1021903727600017200000260206200016896                         00000000600467312958000000000000000000000000061022112126/600467300000000600467312958210921000000000319923700000  000000000000000000000000000000000000000000000000000000000000000000000000000000000000000000000000000000000000000000000                          1600000000                                                                  000121
1021903727600017200000260206200016896                         00000000600613641314000000000000000000000000061022112126/600613600000000600613641314210921000000000119923700000  000000000000000000000000000000000000000000000000000000000000000000000000000000000000000000000000000000000000000000000                          1600000000                                                                  000122
1021903727600017200000260206200016896                         00000000600749964672000000000000000000000000061022112126/600749900000000600749964672210921000000000319923700000  000000000000000000000000000000000000000000000000000000000000000000000000000000000000000000000000000000000000000000000                          1600000000                                                                  000123
9201237          000003450000000772812800000812          00060000004332474000002511439000490000025114390001300000174808200000000000000000000000000000000000000000000000000000000000000000000                                                                                                                                                                              00000000000000000000000         000124
