02RETORNO01COBRANCA       00000000000005034448E-PREPAG ADMINISTRADORA DE CAR237BRADESCO       2210210160000000793                                                                                                                                                                                                                                                                          251021         000001
1021903727600017200000260206200016896                         00000000200105411283000000000000000000000000060222102126/200105400000000200105411283251021000000000999923704151  000000000008200000000000000000000000000000000000000000000000000000000000000000000000000000000000000000000000000000000                          0000000000                                                                  000002
1021903727600017200000260206200016896                         00000000200155005278000000000000000000000000060222102126/200155000000000200155005278251021000000000206723700408  000000000008200000000000000000000000000000000000000000000000000000000000000000000000000000000000000000000000000000000                          0000000000                                                                  000003
1021903727600017200000260206200016896                         00000000200430513459000000000000000000000000060222102126/200430500000000200430513459251021000000000461323704452  000000000008200000000000000000000000000000000000000000000000000000000000000000000000000000000000000000000000000000000                          0000000000                                                                  000004
1021903727600017200000260206200016896                         00000000200574851685000000000000000000000000060222102126/200574800000000200574851685251021000000000461323704424  000000000008200000000000000000000000000000000000000000000000000000000000000000000000000000000000000000000000000000000                          0000000000                                                                  000005
1021903727600017200000260206200016896                         00000000200597975357000000000000000000000000060222102126/200597900000000200597975357251021000000000409923703162  000000000008200000000000000000000000000000000000000000000000000000000000000000000000000000000000000000000000000000000                          0000000000                                                                  000006
1021903727600017200000260206200016896                         0000000020079567477P000000000000000000000000060222102126/20079560000000020079567477P251021000000000679123704452  000000000008200000000000000000000000000000000000000000000000000000000000000000000000000000000000000000000000000000000                          0000000000                                                                  000007
1021903727600017200000260206200016896                         00000000200842885474000000000000000000000000060222102126/200842800000000200842885474251021000000000053923704422  000000000008200000000000000000000000000000000000000000000000000000000000000000000000000000000000000000000000000000000                          0000000000                                                                  000008
1021903727600017200000260206200016896                         00000000200863831927000000000000000000000000060222102126/200863800000000200863831927251021000000002000023704152  000000000008200000000000000000000000000000000000000000000000000000000000000000000000000000000000000000000000000000000                          7600000000                                                                  000009
1021903727600017200000260206200016896                         00000000200872418781000000000000000000000000060222102126/200872400000000200872418781251021000000001359923700435  000000000008200000000000000000000000000000000000000000000000000000000000000000000000000000000000000000000000000000000                          0000000000                                                                  000010
1021903727600017200000260206200016896                         00000000400026303652000000000000000000000000060222102126/400026300000000400026303652251021000000000850023704452  000000000008200000000000000000000000000000000000000000000000000000000000000000000000000000000000000000000000000000000                          0000000000                                                                  000011
1021903727600017200000260206200016896                         00000000400051336085000000000000000000000000060222102126/400051300000000400051336085251021000000012000023704159  000000000008200000000000000000000000000000000000000000000000000000000000000000000000000000000000000000000000000000000                          0000000000                                                                  000012
1021903727600017200000260206200016896                         00000000400108242848000000000000000000000000060222102126/400108200000000400108242848251021000000000800023704159  000000000008200000000000000000000000000000000000000000000000000000000000000000000000000000000000000000000000000000000                          0000000000                                                                  000013
1021903727600017200000260206200016896                         00000000400112787514000000000000000000000000060222102126/400112700000000400112787514251021000000000800023704159  000000000008200000000000000000000000000000000000000000000000000000000000000000000000000000000000000000000000000000000                          0000000000                                                                  000014
1021903727600017200000260206200016896                         00000000400113530010000000000000000000000000060222102126/400113500000000400113530010251021000000000800023704159  000000000008200000000000000000000000000000000000000000000000000000000000000000000000000000000000000000000000000000000                          0000000000                                                                  000015
1021903727600017200000260206200016896                         00000000400118077780000000000000000000000000060222102126/400118000000000400118077780251021000000002000023704436  000000000008200000000000000000000000000000000000000000000000000000000000000000000000000000000000000000000000000000000                          0000000000                                                                  000016
1021903727600017200000260206200016896                         00000000400118164705000000000000000000000000060222102126/400118100000000400118164705251021000000012000023704143  000000000008200000000000000000000000000000000000000000000000000000000000000000000000000000000000000000000000000000000                          0000000000                                                                  000017
1021903727600017200000260206200016896                         00000000400118900789000000000000000000000000060222102126/400118900000000400118900789251021000000004000023700140  000000000008200000000000000000000000000000000000000000000000000000000000000000000000000000000000000000000000000000000                          0000000000                                                                  000018
1021903727600017200000260206200016896                         00000000400123497429000000000000000000000000060222102126/400123400000000400123497429251021000000005730023704154  000000000008200000000000000000000000000000000000000000000000000000000000000000000000000000000000000000000000000000000                          0000000000                                                                  000019
1021903727600017200000260206200016896                         0000000040016212866P000000000000000000000000060222102126/40016210000000040016212866P251021000000000800023704159  000000000008200000000000000000000000000000000000000000000000000000000000000000000000000000000000000000000000000000000                          0000000000                                                                  000020
1021903727600017200000260206200016896                         00000000400204572786000000000000000000000000060222102126/400204500000000400204572786251021000000012000023704157  000000000008200000000000000000000000000000000000000000000000000000000000000000000000000000000000000000000000000000000                          0000000000                                                                  000021
1021903727600017200000260206200016896                         00000000400214303848000000000000000000000000060222102126/400214300000000400214303848251021000000000800023704159  000000000008200000000000000000000000000000000000000000000000000000000000000000000000000000000000000000000000000000000                          0000000000                                                                  000022
1021903727600017200000260206200016896                         0000000040021595950P000000000000000000000000060222102126/40021590000000040021595950P251021000000001050023704426  000000000008200000000000000000000000000000000000000000000000000000000000000000000000000000000000000000000000000000000                          0000000000                                                                  000023
1021903727600017200000260206200016896                         00000000400221191869000000000000000000000000060222102126/400221100000000400221191869251021000000011000023704157  000000000008200000000000000000000000000000000000000000000000000000000000000000000000000000000000000000000000000000000                          0000000000                                                                  000024
1021903727600017200000260206200016896                         00000000400226581630000000000000000000000000060222102126/400226500000000400226581630251021000000000800023704159  000000000008200000000000000000000000000000000000000000000000000000000000000000000000000000000000000000000000000000000                          0000000000                                                                  000025
1021903727600017200000260206200016896                         00000000400227831576000000000000000000000000060222102126/400227800000000400227831576251021000000005000023704159  000000000008200000000000000000000000000000000000000000000000000000000000000000000000000000000000000000000000000000000                          0000000000                                                                  000026
1021903727600017200000260206200016896                         0000000040023259700P000000000000000000000000060222102126/40023250000000040023259700P251021000000002500023704400  000000000008200000000000000000000000000000000000000000000000000000000000000000000000000000000000000000000000000000000                          0000000000                                                                  000027
1021903727600017200000260206200016896                         00000000400239559391000000000000000000000000060222102126/400239500000000400239559391251021000000007500023703109  000000000008200000000000000000000000000000000000000000000000000000000000000000000000000000000000000000000000000000000                          0000000000                                                                  000028
1021903727600017200000260206200016896                         00000000400258437019000000000000000000000000060222102126/400258400000000400258437019251021000000000810023702062  000000000008200000000000000000000000000000000000000000000000000000000000000000000000000000000000000000000000000000000                          0000000000                                                                  000029
1021903727600017200000260206200016896                         00000000400277525387000000000000000000000000060222102126/400277500000000400277525387251021000000000800023704452  000000000008200000000000000000000000000000000000000000000000000000000000000000000000000000000000000000000000000000000                          0000000000                                                                  000030
1021903727600017200000260206200016896                         00000000400305182016000000000000000000000000060222102126/400305100000000400305182016251021000000001500023700435  000000000008200000000000000000000000000000000000000000000000000000000000000000000000000000000000000000000000000000000                          0000000000                                                                  000031
1021903727600017200000260206200016896                         00000000400310575565000000000000000000000000060222102126/400310500000000400310575565251021000000003000023704152  000000000008200000000000000000000000000000000000000000000000000000000000000000000000000000000000000000000000000000000                          0000000000                                                                  000032
1021903727600017200000260206200016896                         00000000400314134563000000000000000000000000060222102126/400314100000000400314134563251021000000001300023704144  000000000008200000000000000000000000000000000000000000000000000000000000000000000000000000000000000000000000000000000                          0000000000                                                                  000033
1021903727600017200000260206200016896                         00000000400321123569000000000000000000000000060222102126/400321100000000400321123569251021000000000800023704159  000000000008200000000000000000000000000000000000000000000000000000000000000000000000000000000000000000000000000000000                          0000000000                                                                  000034
1021903727600017200000260206200016896                         00000000400324723869000000000000000000000000060222102126/400324700000000400324723869251021000000003750023704424  000000000008200000000000000000000000000000000000000000000000000000000000000000000000000000000000000000000000000000000                          0000000000                                                                  000035
1021903727600017200000260206200016896                         00000000400373476591000000000000000000000000060222102126/400373400000000400373476591251021000000000800023704159  000000000008200000000000000000000000000000000000000000000000000000000000000000000000000000000000000000000000000000000                          0000000000                                                                  000036
1021903727600017200000260206200016896                         00000000400388952837000000000000000000000000060222102126/400388900000000400388952837251021000000000800023704422  000000000008200000000000000000000000000000000000000000000000000000000000000000000000000000000000000000000000000000000                          0000000000                                                                  000037
1021903727600017200000260206200016896                         00000000400390708064000000000000000000000000060222102126/400390700000000400390708064251021000000001500023704159  000000000008200000000000000000000000000000000000000000000000000000000000000000000000000000000000000000000000000000000                          0000000000                                                                  000038
1021903727600017200000260206200016896                         00000000400392526257000000000000000000000000060222102126/400392500000000400392526257251021000000001050023703162  000000000008200000000000000000000000000000000000000000000000000000000000000000000000000000000000000000000000000000000                          0000000000                                                                  000039
1021903727600017200000260206200016896                         00000000400399575423000000000000000000000000060222102126/400399500000000400399575423251021000000000800023704426  000000000008200000000000000000000000000000000000000000000000000000000000000000000000000000000000000000000000000000000                          0000000000                                                                  000040
1021903727600017200000260206200016896                         00000000400429552709000000000000000000000000060222102126/400429500000000400429552709251021000000000800023704151  000000000008200000000000000000000000000000000000000000000000000000000000000000000000000000000000000000000000000000000                          0000000000                                                                  000041
1021903727600017200000260206200016896                         00000000400459522561000000000000000000000000060222102126/400459500000000400459522561251021000000001500023704400  000000000008200000000000000000000000000000000000000000000000000000000000000000000000000000000000000000000000000000000                          7600000000                                                                  000042
1021903727600017200000260206200016896                         00000000400463897731000000000000000000000000060222102126/400463800000000400463897731251021000000001000023704152  000000000008200000000000000000000000000000000000000000000000000000000000000000000000000000000000000000000000000000000                          0000000000                                                                  000043
1021903727600017200000260206200016896                         00000000400464016127000000000000000000000000060222102126/400464000000000400464016127251021000000003000023700140  000000000008200000000000000000000000000000000000000000000000000000000000000000000000000000000000000000000000000000000                          0000000000                                                                  000044
1021903727600017200000260206200016896                         00000000400476654633000000000000000000000000060222102126/400476600000000400476654633251021000000000800023704452  000000000008200000000000000000000000000000000000000000000000000000000000000000000000000000000000000000000000000000000                          0000000000                                                                  000045
1021903727600017200000260206200016896                         00000000400482834252000000000000000000000000060222102126/400482800000000400482834252251021000000005200023704426  000000000008200000000000000000000000000000000000000000000000000000000000000000000000000000000000000000000000000000000                          0000000000                                                                  000046
1021903727600017200000260206200016896                         00000000400494331582000000000000000000000000060222102126/400494300000000400494331582251021000000000800023704159  000000000008200000000000000000000000000000000000000000000000000000000000000000000000000000000000000000000000000000000                          0000000000                                                                  000047
1021903727600017200000260206200016896                         00000000400504660997000000000000000000000000060222102126/400504600000000400504660997251021000000000800023704159  000000000008200000000000000000000000000000000000000000000000000000000000000000000000000000000000000000000000000000000                          0000000000                                                                  000048
1021903727600017200000260206200016896                         00000000400511394895000000000000000000000000060222102126/400511300000000400511394895251021000000000800023704159  000000000008200000000000000000000000000000000000000000000000000000000000000000000000000000000000000000000000000000000                          0000000000                                                                  000049
1021903727600017200000260206200016896                         00000000400533354528000000000000000000000000060222102126/400533300000000400533354528251021000000004000023704159  000000000008200000000000000000000000000000000000000000000000000000000000000000000000000000000000000000000000000000000                          7600000000                                                                  000050
1021903727600017200000260206200016896                         00000000400604219007000000000000000000000000060222102126/400604200000000400604219007251021000000000800023704422  000000000008200000000000000000000000000000000000000000000000000000000000000000000000000000000000000000000000000000000                          0000000000                                                                  000051
1021903727600017200000260206200016896                         00000000400608102465000000000000000000000000060222102126/400608100000000400608102465251021000000006200023704151  000000000008200000000000000000000000000000000000000000000000000000000000000000000000000000000000000000000000000000000                          0000000000                                                                  000052
1021903727600017200000260206200016896                         00000000400615665513000000000000000000000000060222102126/400615600000000400615665513251021000000000800023704151  000000000008200000000000000000000000000000000000000000000000000000000000000000000000000000000000000000000000000000000                          0000000000                                                                  000053
1021903727600017200000260206200016896                         00000000400639510146000000000000000000000000060222102126/400639500000000400639510146251021000000001500023704424  000000000008200000000000000000000000000000000000000000000000000000000000000000000000000000000000000000000000000000000                          0000000000                                                                  000054
1021903727600017200000260206200016896                         00000000400661832092000000000000000000000000060222102126/400661800000000400661832092251021000000000800023704159  000000000008200000000000000000000000000000000000000000000000000000000000000000000000000000000000000000000000000000000                          0000000000                                                                  000055
1021903727600017200000260206200016896                         00000000400679579114000000000000000000000000060222102126/400679500000000400679579114251021000000000800023702062  000000000008200000000000000000000000000000000000000000000000000000000000000000000000000000000000000000000000000000000                          0000000000                                                                  000056
1021903727600017200000260206200016896                         00000000400692493733000000000000000000000000060222102126/400692400000000400692493733251021000000000800023704602  000000000008200000000000000000000000000000000000000000000000000000000000000000000000000000000000000000000000000000000                          0000000000                                                                  000057
1021903727600017200000260206200016896                         00000000400693707710000000000000000000000000060222102126/400693700000000400693707710251021000000002000023702062  000000000008200000000000000000000000000000000000000000000000000000000000000000000000000000000000000000000000000000000                          0000000000                                                                  000058
1021903727600017200000260206200016896                         00000000400708329572000000000000000000000000060222102126/400708300000000400708329572251021000000000830023702062  000000000008200000000000000000000000000000000000000000000000000000000000000000000000000000000000000000000000000000000                          0000000000                                                                  000059
1021903727600017200000260206200016896                         00000000400712187766000000000000000000000000060222102126/400712100000000400712187766251021000000008000023700153  000000000008200000000000000000000000000000000000000000000000000000000000000000000000000000000000000000000000000000000                          0000000000                                                                  000060
1021903727600017200000260206200016896                         00000000400717768368000000000000000000000000060222102126/400717700000000400717768368251021000000000800023704159  000000000008200000000000000000000000000000000000000000000000000000000000000000000000000000000000000000000000000000000                          0000000000                                                                  000061
1021903727600017200000260206200016896                         00000000400725964648000000000000000000000000060222102126/400725900000000400725964648251021000000005000023700321  000000000008200000000000000000000000000000000000000000000000000000000000000000000000000000000000000000000000000000000                          0000000000                                                                  000062
1021903727600017200000260206200016896                         00000000400743374718000000000000000000000000060222102126/400743300000000400743374718251021000000002000023704143  000000000008200000000000000000000000000000000000000000000000000000000000000000000000000000000000000000000000000000000                          0000000000                                                                  000063
1021903727600017200000260206200016896                         00000000400752527780000000000000000000000000060222102126/400752500000000400752527780251021000000002500023704143  000000000008200000000000000000000000000000000000000000000000000000000000000000000000000000000000000000000000000000000                          0000000000                                                                  000064
1021903727600017200000260206200016896                         00000000400756375217000000000000000000000000060222102126/400756300000000400756375217251021000000000800023704422  000000000008200000000000000000000000000000000000000000000000000000000000000000000000000000000000000000000000000000000                          0000000000                                                                  000065
1021903727600017200000260206200016896                         00000000400775578811000000000000000000000000060222102126/400775500000000400775578811251021000000004000023704144  000000000008200000000000000000000000000000000000000000000000000000000000000000000000000000000000000000000000000000000                          0000000000                                                                  000066
1021903727600017200000260206200016896                         00000000400777693200000000000000000000000000060222102126/400777600000000400777693200251021000000000800023704159  000000000008200000000000000000000000000000000000000000000000000000000000000000000000000000000000000000000000000000000                          0000000000                                                                  000067
1021903727600017200000260206200016896                         00000000400782788848000000000000000000000000060222102126/400782700000000400782788848251021000000000800023704159  000000000008200000000000000000000000000000000000000000000000000000000000000000000000000000000000000000000000000000000                          0000000000                                                                  000068
1021903727600017200000260206200016896                         00000000400783418831000000000000000000000000060222102126/400783400000000400783418831251021000000001260023702062  000000000008200000000000000000000000000000000000000000000000000000000000000000000000000000000000000000000000000000000                          0000000000                                                                  000069
1021903727600017200000260206200016896                         00000000400786867335000000000000000000000000060222102126/400786800000000400786867335251021000000000800023704422  000000000008200000000000000000000000000000000000000000000000000000000000000000000000000000000000000000000000000000000                          0000000000                                                                  000070
1021903727600017200000260206200016896                         00000000400794071817000000000000000000000000060222102126/400794000000000400794071817251021000000000800023704422  000000000008200000000000000000000000000000000000000000000000000000000000000000000000000000000000000000000000000000000                          0000000000                                                                  000071
1021903727600017200000260206200016896                         00000000400810951490000000000000000000000000060222102126/400810900000000400810951490251021000000005000023704602  000000000008200000000000000000000000000000000000000000000000000000000000000000000000000000000000000000000000000000000                          0000000000                                                                  000072
1021903727600017200000260206200016896                         00000000400816747283000000000000000000000000060222102126/400816700000000400816747283251021000000000950023704422  000000000008200000000000000000000000000000000000000000000000000000000000000000000000000000000000000000000000000000000                          0000000000                                                                  000073
1021903727600017200000260206200016896                         00000000400832832908000000000000000000000000060222102126/400832800000000400832832908251021000000002250023704143  000000000008200000000000000000000000000000000000000000000000000000000000000000000000000000000000000000000000000000000                          7600000000                                                                  000074
1021903727600017200000260206200016896                         00000000400859164184000000000000000000000000060222102126/400859100000000400859164184251021000000002000023704159  000000000008200000000000000000000000000000000000000000000000000000000000000000000000000000000000000000000000000000000                          0000000000                                                                  000075
1021903727600017200000260206200016896                         00000000400877336677000000000000000000000000060222102126/400877300000000400877336677251021000000005580023704159  000000000008200000000000000000000000000000000000000000000000000000000000000000000000000000000000000000000000000000000                          0000000000                                                                  000076
1021903727600017200000260206200016896                         00000000400884551931000000000000000000000000060222102126/400884500000000400884551931251021000000003750023704452  000000000008200000000000000000000000000000000000000000000000000000000000000000000000000000000000000000000000000000000                          0000000000                                                                  000077
1021903727600017200000260206200016896                         00000000400899098931000000000000000000000000060222102126/400899000000000400899098931251021000000099000023704151  000000000008200000000000000000000000000000000000000000000000000000000000000000000000000000000000000000000000000000000                          7600000000                                                                  000078
1021903727600017200000260206200016896                         00000000400916475922000000000000000000000000060222102126/400916400000000400916475922251021000000003000023702062  000000000008200000000000000000000000000000000000000000000000000000000000000000000000000000000000000000000000000000000                          0000000000                                                                  000079
1021903727600017200000260206200016896                         00000000400932968122000000000000000000000000060222102126/400932900000000400932968122251021000000000800023700435  000000000008200000000000000000000000000000000000000000000000000000000000000000000000000000000000000000000000000000000                          0000000000                                                                  000080
1021903727600017200000260206200016896                         0000000040093582153P000000000000000000000000060222102126/40093580000000040093582153P251021000000000800023704602  000000000008200000000000000000000000000000000000000000000000000000000000000000000000000000000000000000000000000000000                          0000000000                                                                  000081
1021903727600017200000260206200016896                         00000000400943173105000000000000000000000000060222102126/400943100000000400943173105251021000000000800023703109  000000000008200000000000000000000000000000000000000000000000000000000000000000000000000000000000000000000000000000000                          0000000000                                                                  000082
1021903727600017200000260206200016896                         00000000400953855069000000000000000000000000060222102126/400953800000000400953855069251021000000000800023704400  000000000008200000000000000000000000000000000000000000000000000000000000000000000000000000000000000000000000000000000                          0000000000                                                                  000083
1021903727600017200000260206200016896                         00000000400955867900000000000000000000000000060222102126/400955800000000400955867900251021000000000800023704159  000000000008200000000000000000000000000000000000000000000000000000000000000000000000000000000000000000000000000000000                          0000000000                                                                  000084
1021903727600017200000260206200016896                         00000000400958728294000000000000000000000000060222102126/400958700000000400958728294251021000000000800023704424  000000000008200000000000000000000000000000000000000000000000000000000000000000000000000000000000000000000000000000000                          0000000000                                                                  000085
1021903727600017200000260206200016896                         00000000400972390182000000000000000000000000060222102126/400972300000000400972390182251021000000000840023702062  000000000008200000000000000000000000000000000000000000000000000000000000000000000000000000000000000000000000000000000                          0000000000                                                                  000086
1021903727600017200000260206200016896                         0000000040097996088P000000000000000000000000060222102126/40097990000000040097996088P251021000000001700023704158  000000000008200000000000000000000000000000000000000000000000000000000000000000000000000000000000000000000000000000000                          0000000000                                                                  000087
1021903727600017200000260206200016896                         00000000400985108761000000000000000000000000060222102126/400985100000000400985108761251021000000000800023704151  000000000008200000000000000000000000000000000000000000000000000000000000000000000000000000000000000000000000000000000                          0000000000                                                                  000088
1021903727600017200000260206200016896                         00000000400987922423000000000000000000000000060222102126/400987900000000400987922423251021000000000820023702062  000000000008200000000000000000000000000000000000000000000000000000000000000000000000000000000000000000000000000000000                          0000000000                                                                  000089
1021903727600017200000260206200016896                         00000000600413835068000000000000000000000000060222102126/600413800000000600413835068251021000000000169923704426  000000000008200000000000000000000000000000000000000000000000000000000000000000000000000000000000000000000000000000000                          0000000000                                                                  000090
1021903727600017200000260206200016896                         00000000200105411283000000000000000000000000060622102126/200105400000000200105411283251021000000000999910400271  000000000000000000000000000000000000000000000000000000000000000000000000000000000000000999900000000000000000000000000   251021             00000000000000                                                                  000091
1021903727600017200000260206200016896                         00000000200574851685000000000000000000000000060622102126/200574800000000200574851685251021000000000461310400145  000000000000000000000000000000000000000000000000000000000000000000000000000000000000000461300000000000000000000000000   251021             00000000000000                                                                  000092
1021903727600017200000260206200016896                         00000000200597975357000000000000000000000000060622102126/200597900000000200597975357251021000000000409900105657  000000000000000000000000000000000000000000000000000000000000000000000000000000000000000409900000000000000000000000000   251021             00000000000000                                                                  000093
1021903727600017200000260206200016896                         0000000020079567477P000000000000000000000000060622102126/20079560000000020079567477P251021000000000679110403880  000000000000000000000000000000000000000000000000000000000000000000000000000000000000000679100000000000000000000000000   251021             00000000000000                                                                  000094
1021903727600017200000260206200016896                         00000000200842885474000000000000000000000000060622102126/200842800000000200842885474251021000000000053921200001  000000000000000000000000000000000000000000000000000000000000000000000000000000000000000053900000000000000000000000000   251021             00000000000000                                                                  000095
1021903727600017200000260206200016896                         00000000200863831927000000000000000000000000060622102126/200863800000000200863831927251021000000002000021200001  000000000000000000000000000000000000000000000000000000000000000000000000000000000000002000000000000000000000000000000   251021             00000000000000                                                                  000096
1021903727600017200000260206200016896                         00000000400026303652000000000000000000000000060622102126/400026300000000400026303652251021000000000850075604327  000000000000000000000000000000000000000000000000000000000000000000000000000000000000000850000000000000000000000000000   251021             00000000000000                                                                  000097
1021903727600017200000260206200016896                         00000000400051336085000000000000000000000000060622102126/400051300000000400051336085251021000000012000075601098  000000000000000000000000000000000000000000000000000000000000000000000000000000000000012000000000000000000000000000000   251021             00000000000000                                                                  000098
1021903727600017200000260206200016896                         00000000400113530010000000000000000000000000060622102126/400113500000000400113530010251021000000000800075604327  000000000000000000000000000000000000000000000000000000000000000000000000000000000000000800000000000000000000000000000   251021             00000000000000                                                                  000099
1021903727600017200000260206200016896                         00000000400118164705000000000000000000000000060622102126/400118100000000400118164705251021000000012000010403130  000000000000000000000000000000000000000000000000000000000000000000000000000000000000012000000000000000000000000000000   251021             00000000000000                                                                  000100
1021903727600017200000260206200016896                         00000000400118900789000000000000000000000000060622102126/400118900000000400118900789251021000000004000075604327  000000000000000000000000000000000000000000000000000000000000000000000000000000000000004000000000000000000000000000000   251021             00000000000000                                                                  000101
1021903727600017200000260206200016896                         00000000400123497429000000000000000000000000060622102126/400123400000000400123497429251021000000005730002100112  000000000000000000000000000000000000000000000000000000000000000000000000000000000000005730000000000000000000000000000   251021             00000000000000                                                                  000102
1021903727600017200000260206200016896                         00000000400129783806000000000000000000000000060622102126/400129700000000400129783806241021000000003590002100112  000000000000000000000000000000000000000000000000000000000000000000000000000000000000003590000000000000000000000000000   251021             00000000000000                                                                  000103
1021903727600017200000260206200016896                         00000000400204572786000000000000000000000000060622102126/400204500000000400204572786251021000000012000026000001  000000000000000000000000000000000000000000000000000000000000000000000000000000000000012000000000000000000000000000000   251021             00000000000000                                                                  000104
1021903727600017200000260206200016896                         00000000400221191869000000000000000000000000060622102126/400221100000000400221191869251021000000011000010400389  000000000000000000000000000000000000000000000000000000000000000000000000000000000000011000000000000000000000000000000   251021             00000000000000                                                                  000105
1021903727600017200000260206200016896                         00000000400227831576000000000000000000000000060622102126/400227800000000400227831576251021000000005000000100922  000000000000000000000000000000000000000000000000000000000000000000000000000000000000005000000000000000000000000000000   251021             00000000000000                                                                  000106
1021903727600017200000260206200016896                         0000000040023259700P000000000000000000000000060622102126/40023250000000040023259700P251021000000002500010403880  000000000000000000000000000000000000000000000000000000000000000000000000000000000000002500000000000000000000000000000   251021             00000000000000                                                                  000107
1021903727600017200000260206200016896                         00000000400239559391000000000000000000000000060622102126/400239500000000400239559391251021000000007500023701514  000000000000000000000000000000000000000000000000000000000000000000000000000000000000007500000000000000000000000000000   251021             00000000000000                                                                  000108
1021903727600017200000260206200016896                         00000000400258437019000000000000000000000000060622102126/400258400000000400258437019251021000000000810075604327  000000000000000000000000000000000000000000000000000000000000000000000000000000000000000810000000000000000000000000000   251021             00000000000000                                                                  000109
1021903727600017200000260206200016896                         00000000400277525387000000000000000000000000060622102126/400277500000000400277525387251021000000000800075604327  000000000000000000000000000000000000000000000000000000000000000000000000000000000000000800000000000000000000000000000   251021             00000000000000                                                                  000110
1021903727600017200000260206200016896                         00000000400305182016000000000000000000000000060622102126/400305100000000400305182016251021000000001500010400737  000000000000000000000000000000000000000000000000000000000000000000000000000000000000001500000000000000000000000000000   251021             00000000000000                                                                  000111
1021903727600017200000260206200016896                         00000000400310575565000000000000000000000000060622102126/400310500000000400310575565251021000000003000023700536  000000000000000000000000000000000000000000000000000000000000000000000000000000000000003000000000000000000000000000000   251021             00000000000000                                                                  000112
1021903727600017200000260206200016896                         00000000400324723869000000000000000000000000060622102126/400324700000000400324723869251021000000003750010403880  000000000000000000000000000000000000000000000000000000000000000000000000000000000000003750000000000000000000000000000   251021             00000000000000                                                                  000113
1021903727600017200000260206200016896                         00000000400388952837000000000000000000000000060622102126/400388900000000400388952837251021000000000800065500001  000000000000000000000000000000000000000000000000000000000000000000000000000000000000000800000000000000000000000000000   251021             00000000000000                                                                  000114
1021903727600017200000260206200016896                         00000000400390708064000000000000000000000000060622102126/400390700000000400390708064251021000000001500010403880  000000000000000000000000000000000000000000000000000000000000000000000000000000000000001500000000000000000000000000000   251021             00000000000000                                                                  000115
1021903727600017200000260206200016896                         00000000400392526257000000000000000000000000060622102126/400392500000000400392526257251021000000001050021200001  000000000000000000000000000000000000000000000000000000000000000000000000000000000000001050000000000000000000000000000   251021             00000000000000                                                                  000116
1021903727600017200000260206200016896                         00000000400429552709000000000000000000000000060622102126/400429500000000400429552709251021000000000800010401187  000000000000000000000000000000000000000000000000000000000000000000000000000000000000000800000000000000000000000000000   251021             00000000000000                                                                  000117
1021903727600017200000260206200016896                         00000000400459522561000000000000000000000000060622102126/400459500000000400459522561251021000000001500010403880  000000000000000000000000000000000000000000000000000000000000000000000000000000000000001500000000000000000000000000000   251021             00000000000000                                                                  000118
1021903727600017200000260206200016896                         00000000400463897731000000000000000000000000060622102126/400463800000000400463897731251021000000001000010403161  000000000000000000000000000000000000000000000000000000000000000000000000000000000000001000000000000000000000000000000   251021             00000000000000                                                                  000119
1021903727600017200000260206200016896                         00000000400464016127000000000000000000000000060622102126/400464000000000400464016127251021000000003000075604327  000000000000000000000000000000000000000000000000000000000000000000000000000000000000003000000000000000000000000000000   251021             00000000000000                                                                  000120
1021903727600017200000260206200016896                         00000000400476654633000000000000000000000000060622102126/400476600000000400476654633251021000000000800000101218  000000000000000000000000000000000000000000000000000000000000000000000000000000000000000800000000000000000000000000000   251021             00000000000000                                                                  000121
1021903727600017200000260206200016896                         00000000400482834252000000000000000000000000060622102126/400482800000000400482834252251021000000005200010403711  000000000000000000000000000000000000000000000000000000000000000000000000000000000000005200000000000000000000000000000   251021             00000000000000                                                                  000122
1021903727600017200000260206200016896                         00000000400543955821000000000000000000000000060622102126/400543900000000400543955821221021000000004290002100112  000000000000000000000000000000000000000000000000000000000000000000000000000000000000004290000000000000000000000000000   251021             00000000000000                                                                  000123
1021903727600017200000260206200016896                         00000000400597361862000000000000000000000000060622102126/400597300000000400597361862221021000000003220002100112  000000000000000000000000000000000000000000000000000000000000000000000000000000000000003220000000000000000000000000000   251021             00000000000000                                                                  000124
1021903727600017200000260206200016896                         00000000400604219007000000000000000000000000060622102126/400604200000000400604219007251021000000000800065500001  000000000000000000000000000000000000000000000000000000000000000000000000000000000000000800000000000000000000000000000   251021             00000000000000                                                                  000125
1021903727600017200000260206200016896                         00000000400639510146000000000000000000000000060622102126/400639500000000400639510146251021000000001500010403880  000000000000000000000000000000000000000000000000000000000000000000000000000000000000001500000000000000000000000000000   251021             00000000000000                                                                  000126
1021903727600017200000260206200016896                         00000000400679579114000000000000000000000000060622102126/400679500000000400679579114251021000000000800075604327  000000000000000000000000000000000000000000000000000000000000000000000000000000000000000800000000000000000000000000000   251021             00000000000000                                                                  000127
1021903727600017200000260206200016896                         00000000400708329572000000000000000000000000060622102126/400708300000000400708329572251021000000000830075604327  000000000000000000000000000000000000000000000000000000000000000000000000000000000000000830000000000000000000000000000   251021             00000000000000                                                                  000128
1021903727600017200000260206200016896                         00000000400712187766000000000000000000000000060622102126/400712100000000400712187766251021000000008000023705889  000000000000000000000000000000000000000000000000000000000000000000000000000000000000008000000000000000000000000000000   251021             00000000000000                                                                  000129
1021903727600017200000260206200016896                         00000000400725964648000000000000000000000000060622102126/400725900000000400725964648251021000000005000010401859  000000000000000000000000000000000000000000000000000000000000000000000000000000000000005000000000000000000000000000000   251021             00000000000000                                                                  000130
1021903727600017200000260206200016896                         00000000400743374718000000000000000000000000060622102126/400743300000000400743374718251021000000002000008501037  000000000000000000000000000000000000000000000000000000000000000000000000000000000000002000000000000000000000000000000   251021             00000000000000                                                                  000131
1021903727600017200000260206200016896                         00000000400752527780000000000000000000000000060622102126/400752500000000400752527780251021000000002500023702835  000000000000000000000000000000000000000000000000000000000000000000000000000000000000002500000000000000000000000000000   251021             00000000000000                                                                  000132
1021903727600017200000260206200016896                         00000000400756375217000000000000000000000000060622102126/400756300000000400756375217251021000000000800065500001  000000000000000000000000000000000000000000000000000000000000000000000000000000000000000800000000000000000000000000000   251021             00000000000000                                                                  000133
1021903727600017200000260206200016896                         00000000400775578811000000000000000000000000060622102126/400775500000000400775578811251021000000004000010400397  000000000000000000000000000000000000000000000000000000000000000000000000000000000000004000000000000000000000000000000   251021             00000000000000                                                                  000134
1021903727600017200000260206200016896                         00000000400786867335000000000000000000000000060622102126/400786800000000400786867335251021000000000800065500001  000000000000000000000000000000000000000000000000000000000000000000000000000000000000000800000000000000000000000000000   251021             00000000000000                                                                  000135
1021903727600017200000260206200016896                         00000000400794071817000000000000000000000000060622102126/400794000000000400794071817251021000000000800065500001  000000000000000000000000000000000000000000000000000000000000000000000000000000000000000800000000000000000000000000000   251021             00000000000000                                                                  000136
1021903727600017200000260206200016896                         00000000400816747283000000000000000000000000060622102126/400816700000000400816747283251021000000000950010402089  000000000000000000000000000000000000000000000000000000000000000000000000000000000000000950000000000000000000000000000   251021             00000000000000                                                                  000137
1021903727600017200000260206200016896                         00000000400832832908000000000000000000000000060622102126/400832800000000400832832908251021000000002250023702151  000000000000000000000000000000000000000000000000000000000000000000000000000000000000002250000000000000000000000000000   251021             00000000000000                                                                  000138
1021903727600017200000260206200016896                         00000000400859164184000000000000000000000000060622102126/400859100000000400859164184251021000000002000010400648  000000000000000000000000000000000000000000000000000000000000000000000000000000000000002000000000000000000000000000000   251021             00000000000000                                                                  000139
1021903727600017200000260206200016896                         00000000400877336677000000000000000000000000060622102126/400877300000000400877336677251021000000005580075604327  000000000000000000000000000000000000000000000000000000000000000000000000000000000000005580000000000000000000000000000   251021             00000000000000                                                                  000140
1021903727600017200000260206200016896                         00000000400884551931000000000000000000000000060622102126/400884500000000400884551931251021000000003750010403880  000000000000000000000000000000000000000000000000000000000000000000000000000000000000003750000000000000000000000000000   251021             00000000000000                                                                  000141
1021903727600017200000260206200016896                         00000000400899098931000000000000000000000000060622102126/400899000000000400899098931251021000000099000063300001  000000000000000000000000000000000000000000000000000000000000000000000000000000000000099000000000000000000000000000000   251021             00000000000000                                                                  000142
1021903727600017200000260206200016896                         00000000400916475922000000000000000000000000060622102126/400916400000000400916475922251021000000003000026000001  000000000000000000000000000000000000000000000000000000000000000000000000000000000000003000000000000000000000000000000   251021             00000000000000                                                                  000143
1021903727600017200000260206200016896                         00000000400943173105000000000000000000000000060622102126/400943100000000400943173105251021000000000800065500001  000000000000000000000000000000000000000000000000000000000000000000000000000000000000000800000000000000000000000000000   251021             00000000000000                                                                  000144
1021903727600017200000260206200016896                         00000000400958728294000000000000000000000000060622102126/400958700000000400958728294251021000000000800065500001  000000000000000000000000000000000000000000000000000000000000000000000000000000000000000800000000000000000000000000000   251021             00000000000000                                                                  000145
1021903727600017200000260206200016896                         00000000400972390182000000000000000000000000060622102126/400972300000000400972390182251021000000000840075604327  000000000000000000000000000000000000000000000000000000000000000000000000000000000000000840000000000000000000000000000   251021             00000000000000                                                                  000146
1021903727600017200000260206200016896                         0000000040097996088P000000000000000000000000060622102126/40097990000000040097996088P251021000000001700000102020  000000000000000000000000000000000000000000000000000000000000000000000000000000000000001700000000000000000000000000000   251021             00000000000000                                                                  000147
1021903727600017200000260206200016896                         00000000400987922423000000000000000000000000060622102126/400987900000000400987922423251021000000000820075604327  000000000000000000000000000000000000000000000000000000000000000000000000000000000000000820000000000000000000000000000   251021             00000000000000                                                                  000148
9201237          000007010000001780014000000793          00089000002954219000002639141000580000026391410000000000000000000000000000000000000000000000000000000000000000000000000000000000000                                                                                                                                                                              00000000000000000000000         000149
