02RETORNO01COBRANCA       00000000000005034448E-PREPAG ADMINISTRADORA DE CAR237BRADESCO       2209210160000000772                                                                                                                                                                                                                                                                          230921         000001
1021903727600017200000260206200016896                         00000000200333662865000000000000000000000000060222092126/200333600000000200333662865250921000000000194223704151  000000000008200000000000000000000000000000000000000000000000000000000000000000000000000000000000000000000000000000000                          7600000000                                                                  000002
1021903727600017200000260206200016896                         0000000020046923705P000000000000000000000000060222092126/20046920000000020046923705P250921000000000950623703162  000000000008200000000000000000000000000000000000000000000000000000000000000000000000000000000000000000000000000000000                          0000000000                                                                  000003
1021903727600017200000260206200016896                         00000000200814138027000000000000000000000000060222092126/200814100000000200814138027250921000000000950623704424  000000000008200000000000000000000000000000000000000000000000000000000000000000000000000000000000000000000000000000000                          7600000000                                                                  000004
1021903727600017200000260206200016896                         00000000400048944236000000000000000000000000060222092126/400048900000000400048944236250921000000023490023700321  000000000008200000000000000000000000000000000000000000000000000000000000000000000000000000000000000000000000000000000                          0000000000                                                                  000005
1021903727600017200000260206200016896                         00000000400062173862000000000000000000000000060222092126/400062100000000400062173862250921000000002000023704452  000000000008200000000000000000000000000000000000000000000000000000000000000000000000000000000000000000000000000000000                          0000000000                                                                  000006
1021903727600017200000260206200016896                         00000000400101612550000000000000000000000000060222092126/400101600000000400101612550250921000000002060023704157  000000000008200000000000000000000000000000000000000000000000000000000000000000000000000000000000000000000000000000000                          0000000000                                                                  000007
1021903727600017200000260206200016896                         00000000400108261583000000000000000000000000060222092126/400108200000000400108261583250921000000002500023704143  000000000008200000000000000000000000000000000000000000000000000000000000000000000000000000000000000000000000000000000                          0000000000                                                                  000008
1021903727600017200000260206200016896                         00000000400216309428000000000000000000000000060222092126/400216300000000400216309428250921000000002400023704426  000000000008200000000000000000000000000000000000000000000000000000000000000000000000000000000000000000000000000000000                          0000000000                                                                  000009
1021903727600017200000260206200016896                         00000000400282495844000000000000000000000000060222092126/400282400000000400282495844250921000000002000023704143  000000000008200000000000000000000000000000000000000000000000000000000000000000000000000000000000000000000000000000000                          0000000000                                                                  000010
1021903727600017200000260206200016896                         00000000400295406549000000000000000000000000060222092126/400295400000000400295406549250921000000001500023704452  000000000008200000000000000000000000000000000000000000000000000000000000000000000000000000000000000000000000000000000                          0000000000                                                                  000011
1021903727600017200000260206200016896                         00000000400311562572000000000000000000000000060222092126/400311500000000400311562572250921000000002450023704158  000000000008200000000000000000000000000000000000000000000000000000000000000000000000000000000000000000000000000000000                          0000000000                                                                  000012
1021903727600017200000260206200016896                         00000000400381033526000000000000000000000000060222092126/400381000000000400381033526250921000000000800023704143  000000000008200000000000000000000000000000000000000000000000000000000000000000000000000000000000000000000000000000000                          7600000000                                                                  000013
1021903727600017200000260206200016896                         0000000040038187606P000000000000000000000000060222092126/40038180000000040038187606P250921000000002500023704424  000000000008200000000000000000000000000000000000000000000000000000000000000000000000000000000000000000000000000000000                          0000000000                                                                  000014
1021903727600017200000260206200016896                         00000000400433668991000000000000000000000000060222092126/400433600000000400433668991250921000000004000023704159  000000000008200000000000000000000000000000000000000000000000000000000000000000000000000000000000000000000000000000000                          0000000000                                                                  000015
1021903727600017200000260206200016896                         00000000400446078565000000000000000000000000060222092126/400446000000000400446078565250921000000003250023704159  000000000008200000000000000000000000000000000000000000000000000000000000000000000000000000000000000000000000000000000                          0000000000                                                                  000016
1021903727600017200000260206200016896                         00000000400456465176000000000000000000000000060222092126/400456400000000400456465176250921000000000800023704452  000000000008200000000000000000000000000000000000000000000000000000000000000000000000000000000000000000000000000000000                          0000000000                                                                  000017
1021903727600017200000260206200016896                         00000000400461159075000000000000000000000000060222092126/400461100000000400461159075250921000000005000023704426  000000000008200000000000000000000000000000000000000000000000000000000000000000000000000000000000000000000000000000000                          0000000000                                                                  000018
1021903727600017200000260206200016896                         00000000400491383107000000000000000000000000060222092126/400491300000000400491383107250921000000000810023700405  000000000008200000000000000000000000000000000000000000000000000000000000000000000000000000000000000000000000000000000                          0000000000                                                                  000019
1021903727600017200000260206200016896                         00000000400593051427000000000000000000000000060222092126/400593000000000400593051427250921000000005500023704151  000000000008200000000000000000000000000000000000000000000000000000000000000000000000000000000000000000000000000000000                          0000000000                                                                  000020
1021903727600017200000260206200016896                         00000000400593334186000000000000000000000000060222092126/400593300000000400593334186250921000000005000023704143  000000000008200000000000000000000000000000000000000000000000000000000000000000000000000000000000000000000000000000000                          7600000000                                                                  000021
1021903727600017200000260206200016896                         00000000400595243218000000000000000000000000060222092126/400595200000000400595243218250921000000005000023704426  000000000008200000000000000000000000000000000000000000000000000000000000000000000000000000000000000000000000000000000                          0000000000                                                                  000022
1021903727600017200000260206200016896                         00000000400794429363000000000000000000000000060222092126/400794400000000400794429363250921000000002500023704157  000000000008200000000000000000000000000000000000000000000000000000000000000000000000000000000000000000000000000000000                          7600000000                                                                  000023
1021903727600017200000260206200016896                         00000000400801666511000000000000000000000000060222092126/400801600000000400801666511250921000000004850023704154  000000000008200000000000000000000000000000000000000000000000000000000000000000000000000000000000000000000000000000000                          0000000000                                                                  000024
1021903727600017200000260206200016896                         00000000400824696035000000000000000000000000060222092126/400824600000000400824696035250921000000005000023704602  000000000008200000000000000000000000000000000000000000000000000000000000000000000000000000000000000000000000000000000                          0000000000                                                                  000025
1021903727600017200000260206200016896                         00000000400854140163000000000000000000000000060222092126/400854100000000400854140163250921000000012000023704159  000000000008200000000000000000000000000000000000000000000000000000000000000000000000000000000000000000000000000000000                          0000000000                                                                  000026
1021903727600017200000260206200016896                         00000000400888181993000000000000000000000000060222092126/400888100000000400888181993250921000000002400023704426  000000000008200000000000000000000000000000000000000000000000000000000000000000000000000000000000000000000000000000000                          0000000000                                                                  000027
1021903727600017200000260206200016896                         00000000400896726427000000000000000000000000060222092126/400896700000000400896726427250921000000001320023704159  000000000008200000000000000000000000000000000000000000000000000000000000000000000000000000000000000000000000000000000                          7600000000                                                                  000028
1021903727600017200000260206200016896                         00000000400905670316000000000000000000000000060222092126/400905600000000400905670316250921000000005420023704154  000000000008200000000000000000000000000000000000000000000000000000000000000000000000000000000000000000000000000000000                          0000000000                                                                  000029
1021903727600017200000260206200016896                         00000000400968765694000000000000000000000000060222092126/400968700000000400968765694250921000000002000023704426  000000000008200000000000000000000000000000000000000000000000000000000000000000000000000000000000000000000000000000000                          0000000000                                                                  000030
1021903727600017200000260206200016896                         00000000600904376472000000000000000000000000060222092126/600904300000000600904376472250921000000003000023704400  000000000008200000000000000000000000000000000000000000000000000000000000000000000000000000000000000000000000000000000                          7600000000                                                                  000031
1021903727600017200000260206200016896                         00000000400719214343000000000000000000000000060322092126/400719200000000400719214343240921000000001000023704452  000000000000000000000000000000000000000000000000000000000000000000000000000000000000000000000000000000000000000000000                          0900000000                                                                  000032
1021903727600017200000260206200016896                         00000000200814138027000000000000000000000000060622092126/200814100000000200814138027250921000000000950610403398  000000000000000000000000000000000000000000000000000000000000000000000000000000000000000950600000000000000000000000000   230921             00000000000000                                                                  000033
1021903727600017200000260206200016896                         00000000400048944236000000000000000000000000060622092126/400048900000000400048944236250921000000023490021200001  000000000000000000000000000000000000000000000000000000000000000000000000000000000000023490000000000000000000000000000   230921             00000000000000                                                                  000034
1021903727600017200000260206200016896                         00000000400062173862000000000000000000000000060622092126/400062100000000400062173862250921000000002000023700628  000000000000000000000000000000000000000000000000000000000000000000000000000000000000002000000000000000000000000000000   230921             00000000000000                                                                  000035
1021903727600017200000260206200016896                         00000000400101612550000000000000000000000000060622092126/400101600000000400101612550250921000000002060023700332  000000000000000000000000000000000000000000000000000000000000000000000000000000000000002060000000000000000000000000000   230921             00000000000000                                                                  000036
1021903727600017200000260206200016896                         00000000400108261583000000000000000000000000060622092126/400108200000000400108261583250921000000002500023702835  000000000000000000000000000000000000000000000000000000000000000000000000000000000000002500000000000000000000000000000   230921             00000000000000                                                                  000037
1021903727600017200000260206200016896                         00000000400282495844000000000000000000000000060622092126/400282400000000400282495844250921000000002000010401075  000000000000000000000000000000000000000000000000000000000000000000000000000000000000002000000000000000000000000000000   230921             00000000000000                                                                  000038
1021903727600017200000260206200016896                         00000000400295406549000000000000000000000000060622092126/400295400000000400295406549250921000000001500010403880  000000000000000000000000000000000000000000000000000000000000000000000000000000000000001500000000000000000000000000000   230921             00000000000000                                                                  000039
1021903727600017200000260206200016896                         00000000400381033526000000000000000000000000060622092126/400381000000000400381033526250921000000000800023702151  000000000000000000000000000000000000000000000000000000000000000000000000000000000000000800000000000000000000000000000   230921             00000000000000                                                                  000040
1021903727600017200000260206200016896                         0000000040038187606P000000000000000000000000060622092126/40038180000000040038187606P250921000000002500010403880  000000000000000000000000000000000000000000000000000000000000000000000000000000000000002500000000000000000000000000000   230921             00000000000000                                                                  000041
1021903727600017200000260206200016896                         00000000400420070469000000000000000000000000060622092126/400420000000000400420070469240921000000000800075600259  000000000000000000000000000000000000000000000000000000000000000000000000000000000000000800000000000000000000000000000   230921             00000000000000                                                                  000042
1021903727600017200000260206200016896                         00000000400422258376000000000000000000000000060622092126/400422200000000400422258376240921000000000810075600259  000000000000000000000000000000000000000000000000000000000000000000000000000000000000000810000000000000000000000000000   230921             00000000000000                                                                  000043
1021903727600017200000260206200016896                         00000000400446078565000000000000000000000000060622092126/400446000000000400446078565250921000000003250075604327  000000000000000000000000000000000000000000000000000000000000000000000000000000000000003250000000000000000000000000000   230921             00000000000000                                                                  000044
1021903727600017200000260206200016896                         00000000400456465176000000000000000000000000060622092126/400456400000000400456465176250921000000000800010401559  000000000000000000000000000000000000000000000000000000000000000000000000000000000000000800000000000000000000000000000   230921             00000000000000                                                                  000045
1021903727600017200000260206200016896                         00000000400491383107000000000000000000000000060622092126/400491300000000400491383107250921000000000810010403880  000000000000000000000000000000000000000000000000000000000000000000000000000000000000000810000000000000000000000000000   230921             00000000000000                                                                  000046
1021903727600017200000260206200016896                         00000000400593334186000000000000000000000000060622092126/400593300000000400593334186250921000000005000075601619  000000000000000000000000000000000000000000000000000000000000000000000000000000000000005000000000000000000000000000000   230921             00000000000000                                                                  000047
1021903727600017200000260206200016896                         00000000400665144018000000000000000000000000060622092126/400665100000000400665144018240921000000000820075600259  000000000000000000000000000000000000000000000000000000000000000000000000000000000000000820000000000000000000000000000   230921             00000000000000                                                                  000048
1021903727600017200000260206200016896                         00000000400794429363000000000000000000000000060622092126/400794400000000400794429363250921000000002500010403880  000000000000000000000000000000000000000000000000000000000000000000000000000000000000002500000000000000000000000000000   230921             00000000000000                                                                  000049
1021903727600017200000260206200016896                         00000000400801666511000000000000000000000000060622092126/400801600000000400801666511250921000000004850010400721  000000000000000000000000000000000000000000000000000000000000000000000000000000000000004850000000000000000000000000000   230921             00000000000000                                                                  000050
1021903727600017200000260206200016896                         00000000400824696035000000000000000000000000060622092126/400824600000000400824696035250921000000005000000101694  000000000000000000000000000000000000000000000000000000000000000000000000000000000000005000000000000000000000000000000   230921             00000000000000                                                                  000051
1021903727600017200000260206200016896                         00000000400888181993000000000000000000000000060622092126/400888100000000400888181993250921000000002400010403711  000000000000000000000000000000000000000000000000000000000000000000000000000000000000002400000000000000000000000000000   230921             00000000000000                                                                  000052
1021903727600017200000260206200016896                         00000000400896726427000000000000000000000000060622092126/400896700000000400896726427250921000000001320003304048  000000000000000000000000000000000000000000000000000000000000000000000000000000000000001320000000000000000000000000000   230921             00000000000000                                                                  000053
1021903727600017200000260206200016896                         00000000400968765694000000000000000000000000060622092126/400968700000000400968765694250921000000002000004100590  000000000000000000000000000000000000000000000000000000000000000000000000000000000000002000000000000000000000000000000   230921             00000000000000                                                                  000054
1021903727600017200000260206200016896                         00000000600904376472000000000000000000000000060622092126/600904300000000600904376472250921000000003000021200001  000000000000000000000000000000000000000000000000000000000000000000000000000000000000003000000000000000000000000000000   230921             00000000000000                                                                  000055
1021903727600017200000260206200016896                         00000000400186381277000000000000000000000000061022092126/400186300000000400186381277230721000000000800023700000  000000000000000000000000000000000000000000000000000000000000000000000000000000000000000000000000000000000000000000000                          1600000000                                                                  000056
1021903727600017200000260206200016896                         00000000400462085962000000000000000000000000061022092126/400462000000000400462085962230721000000002000023700000  000000000000000000000000000000000000000000000000000000000000000000000000000000000000000000000000000000000000000000000                          1600000000                                                                  000057
1021903727600017200000260206200016896                         00000000400516928405000000000000000000000000061022092126/400516900000000400516928405230721000000002000023700000  000000000000000000000000000000000000000000000000000000000000000000000000000000000000000000000000000000000000000000000                          1600000000                                                                  000058
9201237          000000230000000071160600000772          00030000001116454000000711606000230000007116060000300000004800000000000000000000000000000000000000000000000000000000000000000000000                                                                                                                                                                              00000000000000000000000         000059
