02RETORNO01COBRANCA       00000000000005034448E-PREPAG ADMINISTRADORA DE CAR237BRADESCO       2212220160000001085                                                                                                                                                                                                                                                                          231222         000001
1021903727600017200000260206200016896                         0000000020036618070P000000000000000000000000060222122226/20036610000000020036618070P251222000000000500023700153  000000000008200000000000000000000000000000000000000000000000000000000000000000000000000000000000000000000000000000000                          0000000000                                                                  000002
1021903727600017200000260206200016896                         00000000200504757894000000000000000000000000060222122226/200504700000000200504757894251222000000002000023704151  000000000008200000000000000000000000000000000000000000000000000000000000000000000000000000000000000000000000000000000                          0000000000                                                                  000003
1021903727600017200000260206200016896                         00000000200921755225000000000000000000000000060222122226/200921700000000200921755225251222000000000332123704400  000000000008200000000000000000000000000000000000000000000000000000000000000000000000000000000000000000000000000000000                          0000000000                                                                  000004
1021903727600017200000260206200016896                         00000000400226904766000000000000000000000000060222122226/400226900000000400226904766251222000000099000023704151  000000000008200000000000000000000000000000000000000000000000000000000000000000000000000000000000000000000000000000000                          7600000000                                                                  000005
1021903727600017200000260206200016896                         00000000400231066019000000000000000000000000060222122226/400231000000000400231066019251222000000000800023700320  000000000008200000000000000000000000000000000000000000000000000000000000000000000000000000000000000000000000000000000                          0000000000                                                                  000006
1021903727600017200000260206200016896                         00000000400440755425000000000000000000000000060222122226/400440700000000400440755425251222000000000800023704158  000000000008200000000000000000000000000000000000000000000000000000000000000000000000000000000000000000000000000000000                          0000000000                                                                  000007
1021903727600017200000260206200016896                         00000000400627386210000000000000000000000000060222122226/400627300000000400627386210251222000000003000023700140  000000000008200000000000000000000000000000000000000000000000000000000000000000000000000000000000000000000000000000000                          0000000000                                                                  000008
1021903727600017200000260206200016896                         00000000400641990473000000000000000000000000060222122226/400641900000000400641990473251222000000001800023704159  000000000008200000000000000000000000000000000000000000000000000000000000000000000000000000000000000000000000000000000                          0000000000                                                                  000009
1021903727600017200000260206200016896                         00000000400749589546000000000000000000000000060222122226/400749500000000400749589546251222000000002400023704426  000000000008200000000000000000000000000000000000000000000000000000000000000000000000000000000000000000000000000000000                          0000000000                                                                  000010
1021903727600017200000260206200016896                         00000000400999065380000000000000000000000000060222122226/400999000000000400999065380251222000000003000023704154  000000000008200000000000000000000000000000000000000000000000000000000000000000000000000000000000000000000000000000000                          0000000000                                                                  000011
1021903727600017200000260206200016896                         00000000400217171101000000000000000000000000060322122226/400217100000000400217171101241222000000000800023704422  000000000000000000000000000000000000000000000000000000000000000000000000000000000000000000000000000000000000000000000                          0900000000                                                                  000012
1021903727600017200000260206200016896                         00000000200504757894000000000000000000000000060622122226/200504700000000200504757894251222000000002000023702392  000000000000000000000000000000000000000000000000000000000000000000000000000000000000002000000000000000000000000000000   231222             00000000000000                                                                  000013
1021903727600017200000260206200016896                         00000000200921755225000000000000000000000000060622122226/200921700000000200921755225251222000000000332110401095  000000000000000000000000000000000000000000000000000000000000000000000000000000000000000332100000000000000000000000000   231222             00000000000000                                                                  000014
1021903727600017200000260206200016896                         00000000400226904766000000000000000000000000060622122226/400226900000000400226904766251222000000099000033600001  000000000000000000000000000000000000000000000000000000000000000000000000000000000000099000000000000000000000000000000   231222             00000000000000                                                                  000015
1021903727600017200000260206200016896                         0000000040029961443P000000000000000000000000060622122226/40029960000000040029961443P231222000000002970010400721  000000000000000000000000000000000000000000000000000000000000000000000000000000000000002970000000000000000000000000000   231222             00000000000000                                                                  000016
1021903727600017200000260206200016896                         00000000400440755425000000000000000000000000060622122226/400440700000000400440755425251222000000000800023700365  000000000000000000000000000000000000000000000000000000000000000000000000000000000000000800000000000000000000000000000   231222             00000000000000                                                                  000017
1021903727600017200000260206200016896                         00000000400627386210000000000000000000000000060622122226/400627300000000400627386210251222000000003000075604327  000000000000000000000000000000000000000000000000000000000000000000000000000000000000003000000000000000000000000000000   231222             00000000000000                                                                  000018
1021903727600017200000260206200016896                         00000000400641990473000000000000000000000000060622122226/400641900000000400641990473251222000000001800063300001  000000000000000000000000000000000000000000000000000000000000000000000000000000000000001800000000000000000000000000000   231222             00000000000000                                                                  000019
1021903727600017200000260206200016896                         00000000400749589546000000000000000000000000060622122226/400749500000000400749589546251222000000002400004100957  000000000000000000000000000000000000000000000000000000000000000000000000000000000000002400000000000000000000000000000   231222             00000000000000                                                                  000020
1021903727600017200000260206200016896                         00000000200394356333000000000000000000000000061022122226/200394300000000200394356333221022000000000119923700000  000000000000000000000000000000000000000000000000000000000000000000000000000000000000000000000000000000000000000000000                          1600000000                                                                  000021
1021903727600017200000260206200016896                         00000000200535906286000000000000000000000000061022122226/200535900000000200535906286221022000000000942823700000  000000000000000000000000000000000000000000000000000000000000000000000000000000000000000000000000000000000000000000000                          1600000000                                                                  000022
1021903727600017200000260206200016896                         00000000400474682842000000000000000000000000061022122226/400474600000000400474682842221022000000000800023700000  000000000000000000000000000000000000000000000000000000000000000000000000000000000000000000000000000000000000000000000                          1600000000                                                                  000023
9201237          000001310000001031559300001085          00010000001136321000001123021000080000011230210000300000001862700000000000000000000000000000000000000000000000000000000000000000000                                                                                                                                                                              00000000000000000000000         000024
