02RETORNO01COBRANCA       00000000000005034448E-PREPAG ADMINISTRADORA DE CAR237BRADESCO       2311210160000000813                                                                                                                                                                                                                                                                          241121         000001
1021903727600017200000260206200016896                         00000000100031977528000000000000000000000000060223112126/100031900000000100031977528231121000000000842023704436  000000000008200000000000000000000000000000000000000000000000000000000000000000000000000000000000000000000000000000000                          0000000000                                                                  000002
1021903727600017200000260206200016896                         00000000100031980839000000000000000000000000060223112126/100031900000000100031980839231121000000001358523704144  000000000008200000000000000000000000000000000000000000000000000000000000000000000000000000000000000000000000000000000                          7600000000                                                                  000003
1021903727600017200000260206200016896                         00000000100031983862000000000000000000000000060223112126/100031900000000100031983862231121000000010342323704159  000000000008200000000000000000000000000000000000000000000000000000000000000000000000000000000000000000000000000000000                          0000000000                                                                  000004
1021903727600017200000260206200016896                         00000000200339996463000000000000000000000000060223112126/200339900000000200339996463261121000000000855023704436  000000000000000000000000000000000000000000000000000000000000000000000000000000000000000000000000000000000000000000000                          0000000000                                                                  000005
1021903727600017200000260206200016896                         00000000200478408649000000000000000000000000060223112126/200478400000000200478408649261121000000000455823704452  000000000008200000000000000000000000000000000000000000000000000000000000000000000000000000000000000000000000000000000                          0000000000                                                                  000006
1021903727600017200000260206200016896                         00000000200591307352000000000000000000000000060223112126/200591300000000200591307352261121000000000355223704152  000000000000000000000000000000000000000000000000000000000000000000000000000000000000000000000000000000000000000000000                          0000000000                                                                  000007
1021903727600017200000260206200016896                         00000000200794527218000000000000000000000000060223112126/200794500000000200794527218261121000000001676423704159  000000000008200000000000000000000000000000000000000000000000000000000000000000000000000000000000000000000000000000000                          0000000000                                                                  000008
1021903727600017200000260206200016896                         00000000400185476789000000000000000000000000060223112126/400185400000000400185476789261121000000000820023704602  000000000008200000000000000000000000000000000000000000000000000000000000000000000000000000000000000000000000000000000                          7600000000                                                                  000009
1021903727600017200000260206200016896                         00000000400194557295000000000000000000000000060223112126/400194500000000400194557295261121000000004000023700320  000000000008200000000000000000000000000000000000000000000000000000000000000000000000000000000000000000000000000000000                          0000000000                                                                  000010
1021903727600017200000260206200016896                         00000000400379059844000000000000000000000000060223112126/400379000000000400379059844261121000000000800023700435  000000000008200000000000000000000000000000000000000000000000000000000000000000000000000000000000000000000000000000000                          0000000000                                                                  000011
1021903727600017200000260206200016896                         00000000400408009215000000000000000000000000060223112126/400408000000000400408009215261121000000005530023704154  000000000008200000000000000000000000000000000000000000000000000000000000000000000000000000000000000000000000000000000                          0000000000                                                                  000012
1021903727600017200000260206200016896                         00000000400449120538000000000000000000000000060223112126/400449100000000400449120538261121000000000830023704602  000000000008200000000000000000000000000000000000000000000000000000000000000000000000000000000000000000000000000000000                          7600000000                                                                  000013
1021903727600017200000260206200016896                         00000000400578564957000000000000000000000000060223112126/400578500000000400578564957261121000000001000023700153  000000000008200000000000000000000000000000000000000000000000000000000000000000000000000000000000000000000000000000000                          0000000000                                                                  000014
1021903727600017200000260206200016896                         00000000400580145899000000000000000000000000060223112126/400580100000000400580145899261121000000010500023704157  000000000008200000000000000000000000000000000000000000000000000000000000000000000000000000000000000000000000000000000                          0000000000                                                                  000015
1021903727600017200000260206200016896                         00000000400662382171000000000000000000000000060223112126/400662300000000400662382171261121000000000800023704422  000000000008200000000000000000000000000000000000000000000000000000000000000000000000000000000000000000000000000000000                          0000000000                                                                  000016
1021903727600017200000260206200016896                         00000000400691047462000000000000000000000000060223112126/400691000000000400691047462261121000000000800023704422  000000000008200000000000000000000000000000000000000000000000000000000000000000000000000000000000000000000000000000000                          0000000000                                                                  000017
1021903727600017200000260206200016896                         00000000400697908117000000000000000000000000060223112126/400697900000000400697908117261121000000000810023704602  000000000008200000000000000000000000000000000000000000000000000000000000000000000000000000000000000000000000000000000                          7600000000                                                                  000018
1021903727600017200000260206200016896                         00000000400736859951000000000000000000000000060223112126/400736800000000400736859951261121000000001400023704151  000000000008200000000000000000000000000000000000000000000000000000000000000000000000000000000000000000000000000000000                          0000000000                                                                  000019
1021903727600017200000260206200016896                         00000000400749778985000000000000000000000000060223112126/400749700000000400749778985261121000000005000023704159  000000000008200000000000000000000000000000000000000000000000000000000000000000000000000000000000000000000000000000000                          0000000000                                                                  000020
1021903727600017200000260206200016896                         00000000400823771246000000000000000000000000060223112126/400823700000000400823771246261121000000000800023704602  000000000008200000000000000000000000000000000000000000000000000000000000000000000000000000000000000000000000000000000                          7600000000                                                                  000021
1021903727600017200000260206200016896                         00000000400832708875000000000000000000000000060223112126/400832700000000400832708875261121000000001500023704602  000000000008200000000000000000000000000000000000000000000000000000000000000000000000000000000000000000000000000000000                          7600000000                                                                  000022
1021903727600017200000260206200016896                         00000000400896913219000000000000000000000000060223112126/400896900000000400896913219261121000000006500023704143  000000000008200000000000000000000000000000000000000000000000000000000000000000000000000000000000000000000000000000000                          7600000000                                                                  000023
1021903727600017200000260206200016896                         00000000600932206531000000000000000000000000060223112126/600932200000000600932206531261121000000000219923704422  000000000008200000000000000000000000000000000000000000000000000000000000000000000000000000000000000000000000000000000                          0000000000                                                                  000024
1021903727600017200000260206200016896                         00000000100031977528000000000000000000000000060623112126/100031900000000100031977528231121000000000842063300001  000000000000000000000000000000000000000000000000000000000000000000000000000000000000000842000000000000000000000000000   241121             00000000000000                                                                  000025
1021903727600017200000260206200016896                         00000000100031980839000000000000000000000000060623112126/100031900000000100031980839231121000000001358507700001  000000000000000000000000000000000000000000000000000000000000000000000000000000000000001358500000000000000000000000000   241121             00000000000000                                                                  000026
1021903727600017200000260206200016896                         00000000100031982025000000000000000000000000060623112126/100031900000000100031982025231121000000003380034108570  000000000000000000000000000000000000000000000000000000000000000000000000000000000000003380000000000000000000000000000   241121             00000000000000                                                                  000027
1021903727600017200000260206200016896                         00000000100031983862000000000000000000000000060623112126/100031900000000100031983862231121000000010342310404752  000000000000000000000000000000000000000000000000000000000000000000000000000000000000010342300000000000000000000000000   241121             00000000000000                                                                  000028
1021903727600017200000260206200016896                         00000000200478408649000000000000000000000000060623112126/200478400000000200478408649261121000000000455834104175  000000000000000000000000000000000000000000000000000000000000000000000000000000000000000455800000000000000000000000000   241121             00000000000000                                                                  000029
1021903727600017200000260206200016896                         00000000200794527218000000000000000000000000060623112126/200794500000000200794527218261121000000001676426000001  000000000000000000000000000000000000000000000000000000000000000000000000000000000000001676400000000000000000000000000   241121             00000000000000                                                                  000030
1021903727600017200000260206200016896                         0000000020079900499P000000000000000000000000060623112126/20079900000000020079900499P251121000000000673110402710  000000000000000000000000000000000000000000000000000000000000000000000000000000000000000673100000000000000000000000000   241121             00000000000000                                                                  000031
1021903727600017200000260206200016896                         00000000400185476789000000000000000000000000060623112126/400185400000000400185476789261121000000000820075600259  000000000000000000000000000000000000000000000000000000000000000000000000000000000000000820000000000000000000000000000   241121             00000000000000                                                                  000032
1021903727600017200000260206200016896                         00000000400194557295000000000000000000000000060623112126/400194500000000400194557295261121000000004000000101219  000000000000000000000000000000000000000000000000000000000000000000000000000000000000004000000000000000000000000000000   241121             00000000000000                                                                  000033
1021903727600017200000260206200016896                         00000000400373571578000000000000000000000000060623112126/400373500000000400373571578241121000000150000000103478  000000000000000000000000000000000000000000000000000000000000000000000000000000000000150000000000000000000000000000000   241121             00000000000000                                                                  000034
1021903727600017200000260206200016896                         00000000400379059844000000000000000000000000060623112126/400379000000000400379059844261121000000000800065500001  000000000000000000000000000000000000000000000000000000000000000000000000000000000000000800000000000000000000000000000   241121             00000000000000                                                                  000035
1021903727600017200000260206200016896                         00000000400449120538000000000000000000000000060623112126/400449100000000400449120538261121000000000830075600259  000000000000000000000000000000000000000000000000000000000000000000000000000000000000000830000000000000000000000000000   241121             00000000000000                                                                  000036
1021903727600017200000260206200016896                         00000000400580145899000000000000000000000000060623112126/400580100000000400580145899261121000000010500007700001  000000000000000000000000000000000000000000000000000000000000000000000000000000000000010500000000000000000000000000000   241121             00000000000000                                                                  000037
1021903727600017200000260206200016896                         00000000400662382171000000000000000000000000060623112126/400662300000000400662382171261121000000000800065500001  000000000000000000000000000000000000000000000000000000000000000000000000000000000000000800000000000000000000000000000   241121             00000000000000                                                                  000038
1021903727600017200000260206200016896                         00000000400691047462000000000000000000000000060623112126/400691000000000400691047462261121000000000800065500001  000000000000000000000000000000000000000000000000000000000000000000000000000000000000000800000000000000000000000000000   241121             00000000000000                                                                  000039
1021903727600017200000260206200016896                         00000000400697908117000000000000000000000000060623112126/400697900000000400697908117261121000000000810075600259  000000000000000000000000000000000000000000000000000000000000000000000000000000000000000810000000000000000000000000000   241121             00000000000000                                                                  000040
1021903727600017200000260206200016896                         00000000400736859951000000000000000000000000060623112126/400736800000000400736859951261121000000001400063300001  000000000000000000000000000000000000000000000000000000000000000000000000000000000000001400000000000000000000000000000   241121             00000000000000                                                                  000041
1021903727600017200000260206200016896                         00000000400749778985000000000000000000000000060623112126/400749700000000400749778985261121000000005000000100922  000000000000000000000000000000000000000000000000000000000000000000000000000000000000005000000000000000000000000000000   241121             00000000000000                                                                  000042
1021903727600017200000260206200016896                         00000000400823771246000000000000000000000000060623112126/400823700000000400823771246261121000000000800075600259  000000000000000000000000000000000000000000000000000000000000000000000000000000000000000800000000000000000000000000000   241121             00000000000000                                                                  000043
1021903727600017200000260206200016896                         00000000400896913219000000000000000000000000060623112126/400896900000000400896913219261121000000006500010401070  000000000000000000000000000000000000000000000000000000000000000000000000000000000000006500000000000000000000000000000   241121             00000000000000                                                                  000044
1021903727600017200000260206200016896                         00000000600932206531000000000000000000000000060623112126/600932200000000600932206531261121000000000219903301136  000000000000000000000000000000000000000000000000000000000000000000000000000000000000000219900000000000000000000000000   241121             00000000000000                                                                  000045
1021903727600017200000260206200016896                         00000000200154985996000000000000000000000000061023112126/200154900000000200154985996230921000000000319923700000  000000000000000000000000000000000000000000000000000000000000000000000000000000000000000000000000000000000000000000000                          1600000000                                                                  000046
1021903727600017200000260206200016896                         00000000200205952753000000000000000000000000061023112126/200205900000000200205952753230921000000000528323700000  000000000000000000000000000000000000000000000000000000000000000000000000000000000000000000000000000000000000000000000                          1600000000                                                                  000047
1021903727600017200000260206200016896                         00000000200513463364000000000000000000000000061023112126/200513400000000200513463364230921000000000319923700000  000000000000000000000000000000000000000000000000000000000000000000000000000000000000000000000000000000000000000000000                          1600000000                                                                  000048
1021903727600017200000260206200016896                         00000000200590664860000000000000000000000000061023112126/200590600000000200590664860230921000000000750023700000  000000000000000000000000000000000000000000000000000000000000000000000000000000000000000000000000000000000000000000000                          1600000000                                                                  000049
1021903727600017200000260206200016896                         00000000200698122738000000000000000000000000061023112126/200698100000000200698122738230921000000001533223700000  000000000000000000000000000000000000000000000000000000000000000000000000000000000000000000000000000000000000000000000                          1600000000                                                                  000050
1021903727600017200000260206200016896                         00000000200701408729000000000000000000000000061023112126/200701400000000200701408729230921000000000644523700000  000000000000000000000000000000000000000000000000000000000000000000000000000000000000000000000000000000000000000000000                          1600000000                                                                  000051
1021903727600017200000260206200016896                         00000000400143246856000000000000000000000000061023112126/400143200000000400143246856230921000000000960023700000  000000000000000000000000000000000000000000000000000000000000000000000000000000000000000000000000000000000000000000000                          1600000000                                                                  000052
1021903727600017200000260206200016896                         00000000400393499229000000000000000000000000061023112126/400393400000000400393499229230921000000001200023700000  000000000000000000000000000000000000000000000000000000000000000000000000000000000000000000000000000000000000000000000                          1600000000                                                                  000053
1021903727600017200000260206200016896                         00000000400437344449000000000000000000000000061023112126/400437300000000400437344449230921000000000800023700000  000000000000000000000000000000000000000000000000000000000000000000000000000000000000000000000000000000000000000000000                          1600000000                                                                  000054
1021903727600017200000260206200016896                         00000000400980061597000000000000000000000000061023112126/400980000000000400980061597230921000000001000023700000  000000000000000000000000000000000000000000000000000000000000000000000000000000000000000000000000000000000000000000000                          1600000000                                                                  000055
9201237          000003370000000619944100000813          00023000000571951000002020080000210000020200800001000000008055800000000000000000000000000000000000000000000000000000000000000000000                                                                                                                                                                              00000000000000000000000         000056
