02RETORNO01COBRANCA       00000000000005034448E-PREPAG ADMINISTRADORA DE CAR237BRADESCO       2309220160000001024                                                                                                                                                                                                                                                                          260922         000001
1021903727600017200000260206200016896                         00000000200336078897000000000000000000000000060223092226/200336000000000200336078897260922000000001535023700522  000000000008200000000000000000000000000000000000000000000000000000000000000000000000000000000000000000000000000000000                          0000000000                                                                  000002
1021903727600017200000260206200016896                         00000000200392757802000000000000000000000000060223092226/200392700000000200392757802260922000000001535023700522  000000000008200000000000000000000000000000000000000000000000000000000000000000000000000000000000000000000000000000000                          0000000000                                                                  000003
1021903727600017200000260206200016896                         0000000020061618708P000000000000000000000000060223092226/20061610000000020061618708P260922000000001535023700405  000000000008200000000000000000000000000000000000000000000000000000000000000000000000000000000000000000000000000000000                          0000000000                                                                  000004
1021903727600017200000260206200016896                         00000000200624358659000000000000000000000000060223092226/200624300000000200624358659260922000000000409923703162  000000000008200000000000000000000000000000000000000000000000000000000000000000000000000000000000000000000000000000000                          0000000000                                                                  000005
1021903727600017200000260206200016896                         0000000020069824776P000000000000000000000000060223092226/20069820000000020069824776P260922000000001535023700522  000000000008200000000000000000000000000000000000000000000000000000000000000000000000000000000000000000000000000000000                          0000000000                                                                  000006
1021903727600017200000260206200016896                         00000000200917084359000000000000000000000000060223092226/200917000000000200917084359260922000000000614023704426  000000000008200000000000000000000000000000000000000000000000000000000000000000000000000000000000000000000000000000000                          0000000000                                                                  000007
1021903727600017200000260206200016896                         00000000400046216624000000000000000000000000060223092226/400046200000000400046216624260922000000001000023704424  000000000008200000000000000000000000000000000000000000000000000000000000000000000000000000000000000000000000000000000                          0000000000                                                                  000008
1021903727600017200000260206200016896                         00000000400148317271000000000000000000000000060223092226/400148300000000400148317271260922000000002550023704159  000000000008200000000000000000000000000000000000000000000000000000000000000000000000000000000000000000000000000000000                          0000000000                                                                  000009
1021903727600017200000260206200016896                         00000000400170217892000000000000000000000000060223092226/400170200000000400170217892260922000000005000023704143  000000000008200000000000000000000000000000000000000000000000000000000000000000000000000000000000000000000000000000000                          0000000000                                                                  000010
1021903727600017200000260206200016896                         0000000040033194806P000000000000000000000000060223092226/40033190000000040033194806P260922000000150000023704428  000000000008200000000000000000000000000000000000000000000000000000000000000000000000000000000000000000000000000000000                          7600000000                                                                  000011
1021903727600017200000260206200016896                         00000000400401582920000000000000000000000000060223092226/400401500000000400401582920260922000000002000023704159  000000000008200000000000000000000000000000000000000000000000000000000000000000000000000000000000000000000000000000000                          0000000000                                                                  000012
1021903727600017200000260206200016896                         00000000400432687623000000000000000000000000060223092226/400432600000000400432687623260922000000001000023704424  000000000008200000000000000000000000000000000000000000000000000000000000000000000000000000000000000000000000000000000                          0000000000                                                                  000013
1021903727600017200000260206200016896                         00000000400433741087000000000000000000000000060223092226/400433700000000400433741087260922000000001500023704152  000000000008200000000000000000000000000000000000000000000000000000000000000000000000000000000000000000000000000000000                          0000000000                                                                  000014
1021903727600017200000260206200016896                         00000000400532286685000000000000000000000000060223092226/400532200000000400532286685260922000000002250023704426  000000000008200000000000000000000000000000000000000000000000000000000000000000000000000000000000000000000000000000000                          0000000000                                                                  000015
1021903727600017200000260206200016896                         00000000400715912054000000000000000000000000060223092226/400715900000000400715912054260922000000004960023700321  000000000008200000000000000000000000000000000000000000000000000000000000000000000000000000000000000000000000000000000                          0000000000                                                                  000016
1021903727600017200000260206200016896                         00000000400973846783000000000000000000000000060223092226/400973800000000400973846783260922000000099000023704151  000000000008200000000000000000000000000000000000000000000000000000000000000000000000000000000000000000000000000000000                          7600000000                                                                  000017
1021903727600017200000260206200016896                         00000000200392757802000000000000000000000000060623092226/200392700000000200392757802260922000000001535010403559  000000000000000000000000000000000000000000000000000000000000000000000000000000000000001535000000000000000000000000000   260922             00000000000000                                                                  000018
1021903727600017200000260206200016896                         0000000020061618708P000000000000000000000000060623092226/20061610000000020061618708P260922000000001535021200001  000000000000000000000000000000000000000000000000000000000000000000000000000000000000001535000000000000000000000000000   260922             00000000000000                                                                  000019
1021903727600017200000260206200016896                         00000000200624358659000000000000000000000000060623092226/200624300000000200624358659260922000000000409926000001  000000000000000000000000000000000000000000000000000000000000000000000000000000000000000409900000000000000000000000000   260922             00000000000000                                                                  000020
1021903727600017200000260206200016896                         00000000400148317271000000000000000000000000060623092226/400148300000000400148317271260922000000002550007700001  000000000000000000000000000000000000000000000000000000000000000000000000000000000000002550000000000000000000000000000   260922             00000000000000                                                                  000021
1021903727600017200000260206200016896                         00000000400170217892000000000000000000000000060623092226/400170200000000400170217892260922000000005000065500001  000000000000000000000000000000000000000000000000000000000000000000000000000000000000005000000000000000000000000000000   260922             00000000000000                                                                  000022
1021903727600017200000260206200016896                         0000000040033194806P000000000000000000000000060623092226/40033190000000040033194806P260922000000150000034103311  000000000000000000000000000000000000000000000000000000000000000000000000000000000000150000000000000000000000000000000   260922             00000000000000                                                                  000023
1021903727600017200000260206200016896                         00000000400401582920000000000000000000000000060623092226/400401500000000400401582920260922000000002000003300773  000000000000000000000000000000000000000000000000000000000000000000000000000000000000002000000000000000000000000000000   260922             00000000000000                                                                  000024
1021903727600017200000260206200016896                         00000000400432687623000000000000000000000000060623092226/400432600000000400432687623260922000000001000065500001  000000000000000000000000000000000000000000000000000000000000000000000000000000000000001000000000000000000000000000000   260922             00000000000000                                                                  000025
1021903727600017200000260206200016896                         00000000400433741087000000000000000000000000060623092226/400433700000000400433741087260922000000001500010404232  000000000000000000000000000000000000000000000000000000000000000000000000000000000000001500000000000000000000000000000   260922             00000000000000                                                                  000026
1021903727600017200000260206200016896                         00000000400532286685000000000000000000000000060623092226/400532200000000400532286685260922000000002250074801022  000000000000000000000000000000000000000000000000000000000000000000000000000000000000002250000000000000000000000000000   260922             00000000000000                                                                  000027
1021903727600017200000260206200016896                         00000000400715912054000000000000000000000000060623092226/400715900000000400715912054260922000000004960000100128  000000000000000000000000000000000000000000000000000000000000000000000000000000000000004960000000000000000000000000000   260922             00000000000000                                                                  000028
1021903727600017200000260206200016896                         00000000400973846783000000000000000000000000060623092226/400973800000000400973846783260922000000099000033600001  000000000000000000000000000000000000000000000000000000000000000000000000000000000000099000000000000000000000000000000   260922             00000000000000                                                                  000029
1021903727600017200000260206200016896                         00000000200197898213000000000000000000000000061023092226/200197800000000200197898213240722000000000320723700000  000000000000000000000000000000000000000000000000000000000000000000000000000000000000000000000000000000000000000000000                          1600000000                                                                  000030
1021903727600017200000260206200016896                         00000000400121694049000000000000000000000000061023092226/400121600000000400121694049240722000000000800023700000  000000000000000000000000000000000000000000000000000000000000000000000000000000000000000000000000000000000000000000000                          1600000000                                                                  000031
1021903727600017200000260206200016896                         00000000400824814771000000000000000000000000061023092226/400824800000000400824814771240722000000005000023700000  000000000000000000000000000000000000000000000000000000000000000000000000000000000000000000000000000000000000000000000                          1600000000                                                                  000032
9201237          000001230000000362362700001024          00016000002764239000002717399000120000027173990000300000006120700000000000000000000000000000000000000000000000000000000000000000000                                                                                                                                                                              00000000000000000000000         000033
