02RETORNO01COBRANCA       00000000000005034448E-PREPAG ADMINISTRADORA DE CAR237BRADESCO       2309210160000000773                                                                                                                                                                                                                                                                          240921         000001
1021903727600017200000260206200016896                         0000000020065943191P000000000000000000000000060223092126/20065940000000020065943191P260921000000000955023702062  000000000008200000000000000000000000000000000000000000000000000000000000000000000000000000000000000000000000000000000                          7600000000                                                                  000002
1021903727600017200000260206200016896                         00000000200693013736000000000000000000000000060223092126/200693000000000200693013736260921000000002000023704151  000000000008200000000000000000000000000000000000000000000000000000000000000000000000000000000000000000000000000000000                          0000000000                                                                  000003
1021903727600017200000260206200016896                         00000000200814477808000000000000000000000000060223092126/200814400000000200814477808260921000000000338223704151  000000000008200000000000000000000000000000000000000000000000000000000000000000000000000000000000000000000000000000000                          0000000000                                                                  000004
1021903727600017200000260206200016896                         00000000200883166113000000000000000000000000060223092126/200883100000000200883166113260921000000000750023704400  000000000008200000000000000000000000000000000000000000000000000000000000000000000000000000000000000000000000000000000                          0000000000                                                                  000005
1021903727600017200000260206200016896                         0000000020091622436P000000000000000000000000060223092126/20091620000000020091622436P260921000000000072423704452  000000000008200000000000000000000000000000000000000000000000000000000000000000000000000000000000000000000000000000000                          0000000000                                                                  000006
1021903727600017200000260206200016896                         00000000400045463180000000000000000000000000060223092126/400045400000000400045463180260921000000001500023704452  000000000008200000000000000000000000000000000000000000000000000000000000000000000000000000000000000000000000000000000                          0000000000                                                                  000007
1021903727600017200000260206200016896                         0000000040010478722P000000000000000000000000060223092126/40010470000000040010478722P260921000000000800023704422  000000000008200000000000000000000000000000000000000000000000000000000000000000000000000000000000000000000000000000000                          0000000000                                                                  000008
1021903727600017200000260206200016896                         00000000400107382859000000000000000000000000060223092126/400107300000000400107382859260921000000007000023700140  000000000008200000000000000000000000000000000000000000000000000000000000000000000000000000000000000000000000000000000                          0000000000                                                                  000009
1021903727600017200000260206200016896                         00000000400122995212000000000000000000000000060223092126/400122900000000400122995212260921000000000800023704422  000000000008200000000000000000000000000000000000000000000000000000000000000000000000000000000000000000000000000000000                          0000000000                                                                  000010
1021903727600017200000260206200016896                         00000000400143684276000000000000000000000000060223092126/400143600000000400143684276260921000000002000023704151  000000000008200000000000000000000000000000000000000000000000000000000000000000000000000000000000000000000000000000000                          0000000000                                                                  000011
1021903727600017200000260206200016896                         00000000400150403711000000000000000000000000060223092126/400150400000000400150403711260921000000005230023704154  000000000008200000000000000000000000000000000000000000000000000000000000000000000000000000000000000000000000000000000                          0000000000                                                                  000012
1021903727600017200000260206200016896                         00000000400156845406000000000000000000000000060223092126/400156800000000400156845406260921000000002500023704159  000000000008200000000000000000000000000000000000000000000000000000000000000000000000000000000000000000000000000000000                          0000000000                                                                  000013
1021903727600017200000260206200016896                         00000000400192714822000000000000000000000000060223092126/400192700000000400192714822260921000000000800023704424  000000000008200000000000000000000000000000000000000000000000000000000000000000000000000000000000000000000000000000000                          0000000000                                                                  000014
1021903727600017200000260206200016896                         00000000400297542482000000000000000000000000060223092126/400297500000000400297542482260921000000000800023704452  000000000008200000000000000000000000000000000000000000000000000000000000000000000000000000000000000000000000000000000                          0000000000                                                                  000015
1021903727600017200000260206200016896                         00000000400308595354000000000000000000000000060223092126/400308500000000400308595354260921000000000800023704422  000000000008200000000000000000000000000000000000000000000000000000000000000000000000000000000000000000000000000000000                          0000000000                                                                  000016
1021903727600017200000260206200016896                         00000000400328867946000000000000000000000000060223092126/400328800000000400328867946260921000000000800023704422  000000000008200000000000000000000000000000000000000000000000000000000000000000000000000000000000000000000000000000000                          0000000000                                                                  000017
1021903727600017200000260206200016896                         0000000040034058867P000000000000000000000000060223092126/40034050000000040034058867P260921000000003000023704426  000000000000000000000000000000000000000000000000000000000000000000000000000000000000000000000000000000000000000000000                          0000000000                                                                  000018
1021903727600017200000260206200016896                         00000000400397338971000000000000000000000000060223092126/400397300000000400397338971260921000000003900023704159  000000000008200000000000000000000000000000000000000000000000000000000000000000000000000000000000000000000000000000000                          0000000000                                                                  000019
1021903727600017200000260206200016896                         00000000400438846286000000000000000000000000060223092126/400438800000000400438846286260921000000001500023704400  000000000008200000000000000000000000000000000000000000000000000000000000000000000000000000000000000000000000000000000                          7600000000                                                                  000020
1021903727600017200000260206200016896                         00000000400472522228000000000000000000000000060223092126/400472500000000400472522228260921000000001500023700320  000000000008200000000000000000000000000000000000000000000000000000000000000000000000000000000000000000000000000000000                          0000000000                                                                  000021
1021903727600017200000260206200016896                         00000000400478812376000000000000000000000000060223092126/400478800000000400478812376260921000000004010023704154  000000000008200000000000000000000000000000000000000000000000000000000000000000000000000000000000000000000000000000000                          0000000000                                                                  000022
1021903727600017200000260206200016896                         00000000400489686666000000000000000000000000060223092126/400489600000000400489686666260921000000001000023700389  000000000008200000000000000000000000000000000000000000000000000000000000000000000000000000000000000000000000000000000                          0000000000                                                                  000023
1021903727600017200000260206200016896                         00000000400510989399000000000000000000000000060223092126/400510900000000400510989399260921000000000800023704400  000000000000000000000000000000000000000000000000000000000000000000000000000000000000000000000000000000000000000000000                          0000000000                                                                  000024
1021903727600017200000260206200016896                         00000000400522441860000000000000000000000000060223092126/400522400000000400522441860260921000000000800023704422  000000000008200000000000000000000000000000000000000000000000000000000000000000000000000000000000000000000000000000000                          0000000000                                                                  000025
1021903727600017200000260206200016896                         00000000400534907938000000000000000000000000060223092126/400534900000000400534907938260921000000000850023704452  000000000008200000000000000000000000000000000000000000000000000000000000000000000000000000000000000000000000000000000                          0000000000                                                                  000026
1021903727600017200000260206200016896                         00000000400580186994000000000000000000000000060223092126/400580100000000400580186994260921000000002000023704400  000000000008200000000000000000000000000000000000000000000000000000000000000000000000000000000000000000000000000000000                          7600000000                                                                  000027
1021903727600017200000260206200016896                         00000000400637383244000000000000000000000000060223092126/400637300000000400637383244260921000000000800023704422  000000000008200000000000000000000000000000000000000000000000000000000000000000000000000000000000000000000000000000000                          0000000000                                                                  000028
1021903727600017200000260206200016896                         00000000400660018510000000000000000000000000060223092126/400660000000000400660018510260921000000000800023704422  000000000008200000000000000000000000000000000000000000000000000000000000000000000000000000000000000000000000000000000                          0000000000                                                                  000029
1021903727600017200000260206200016896                         00000000400720994026000000000000000000000000060223092126/400720900000000400720994026260921000000002400023704426  000000000008200000000000000000000000000000000000000000000000000000000000000000000000000000000000000000000000000000000                          0000000000                                                                  000030
1021903727600017200000260206200016896                         00000000400752753071000000000000000000000000060223092126/400752700000000400752753071260921000000000800023704422  000000000008200000000000000000000000000000000000000000000000000000000000000000000000000000000000000000000000000000000                          0000000000                                                                  000031
1021903727600017200000260206200016896                         00000000400781100613000000000000000000000000060223092126/400781100000000400781100613260921000000002850023704158  000000000008200000000000000000000000000000000000000000000000000000000000000000000000000000000000000000000000000000000                          0000000000                                                                  000032
1021903727600017200000260206200016896                         00000000400818089429000000000000000000000000060223092126/400818000000000400818089429260921000000003550023703162  000000000008200000000000000000000000000000000000000000000000000000000000000000000000000000000000000000000000000000000                          0000000000                                                                  000033
1021903727600017200000260206200016896                         0000000040086988424P000000000000000000000000060223092126/40086980000000040086988424P260921000000000910023700435  000000000008200000000000000000000000000000000000000000000000000000000000000000000000000000000000000000000000000000000                          0000000000                                                                  000034
1021903727600017200000260206200016896                         00000000400877668408000000000000000000000000060223092126/400877600000000400877668408260921000000001430023700321  000000000008200000000000000000000000000000000000000000000000000000000000000000000000000000000000000000000000000000000                          0000000000                                                                  000035
1021903727600017200000260206200016896                         00000000400905196215000000000000000000000000060223092126/400905100000000400905196215260921000000000800023704422  000000000008200000000000000000000000000000000000000000000000000000000000000000000000000000000000000000000000000000000                          0000000000                                                                  000036
1021903727600017200000260206200016896                         00000000400920943051000000000000000000000000060223092126/400920900000000400920943051260921000000012000023704159  000000000008200000000000000000000000000000000000000000000000000000000000000000000000000000000000000000000000000000000                          0000000000                                                                  000037
1021903727600017200000260206200016896                         0000000040095934161P000000000000000000000000060223092126/40095930000000040095934161P260921000000001000023704159  000000000008200000000000000000000000000000000000000000000000000000000000000000000000000000000000000000000000000000000                          0000000000                                                                  000038
1021903727600017200000260206200016896                         00000000400972667745000000000000000000000000060223092126/400972600000000400972667745260921000000000800023704422  000000000008200000000000000000000000000000000000000000000000000000000000000000000000000000000000000000000000000000000                          0000000000                                                                  000039
1021903727600017200000260206200016896                         00000000400988898046000000000000000000000000060223092126/400988800000000400988898046260921000000001800023704159  000000000008200000000000000000000000000000000000000000000000000000000000000000000000000000000000000000000000000000000                          7600000000                                                                  000040
1021903727600017200000260206200016896                         00000000400994907685000000000000000000000000060223092126/400994900000000400994907685260921000000015000023704157  000000000008200000000000000000000000000000000000000000000000000000000000000000000000000000000000000000000000000000000                          0000000000                                                                  000041
1021903727600017200000260206200016896                         0000000020065943191P000000000000000000000000060623092126/20065940000000020065943191P260921000000000955021200001  000000000000000000000000000000000000000000000000000000000000000000000000000000000000000955000000000000000000000000000   240921             00000000000000                                                                  000042
1021903727600017200000260206200016896                         00000000200883166113000000000000000000000000060623092126/200883100000000200883166113260921000000000750034103767  000000000000000000000000000000000000000000000000000000000000000000000000000000000000000750000000000000000000000000000   240921             00000000000000                                                                  000043
1021903727600017200000260206200016896                         0000000020091622436P000000000000000000000000060623092126/20091620000000020091622436P260921000000000072421200001  000000000000000000000000000000000000000000000000000000000000000000000000000000000000000072400000000000000000000000000   240921             00000000000000                                                                  000044
1021903727600017200000260206200016896                         00000000400045463180000000000000000000000000060623092126/400045400000000400045463180260921000000001500010403880  000000000000000000000000000000000000000000000000000000000000000000000000000000000000001500000000000000000000000000000   240921             00000000000000                                                                  000045
1021903727600017200000260206200016896                         0000000040010478722P000000000000000000000000060623092126/40010470000000040010478722P260921000000000800065500001  000000000000000000000000000000000000000000000000000000000000000000000000000000000000000800000000000000000000000000000   240921             00000000000000                                                                  000046
1021903727600017200000260206200016896                         00000000400107382859000000000000000000000000060623092126/400107300000000400107382859260921000000007000075604327  000000000000000000000000000000000000000000000000000000000000000000000000000000000000007000000000000000000000000000000   240921             00000000000000                                                                  000047
1021903727600017200000260206200016896                         00000000400122995212000000000000000000000000060623092126/400122900000000400122995212260921000000000800065500001  000000000000000000000000000000000000000000000000000000000000000000000000000000000000000800000000000000000000000000000   240921             00000000000000                                                                  000048
1021903727600017200000260206200016896                         00000000400143684276000000000000000000000000060623092126/400143600000000400143684276260921000000002000010400280  000000000000000000000000000000000000000000000000000000000000000000000000000000000000002000000000000000000000000000000   240921             00000000000000                                                                  000049
1021903727600017200000260206200016896                         00000000400156845406000000000000000000000000060623092126/400156800000000400156845406260921000000002500075604327  000000000000000000000000000000000000000000000000000000000000000000000000000000000000002500000000000000000000000000000   240921             00000000000000                                                                  000050
1021903727600017200000260206200016896                         00000000400192714822000000000000000000000000060623092126/400192700000000400192714822260921000000000800065500001  000000000000000000000000000000000000000000000000000000000000000000000000000000000000000800000000000000000000000000000   240921             00000000000000                                                                  000051
1021903727600017200000260206200016896                         00000000400297542482000000000000000000000000060623092126/400297500000000400297542482260921000000000800075604327  000000000000000000000000000000000000000000000000000000000000000000000000000000000000000800000000000000000000000000000   240921             00000000000000                                                                  000052
1021903727600017200000260206200016896                         00000000400308595354000000000000000000000000060623092126/400308500000000400308595354260921000000000800065500001  000000000000000000000000000000000000000000000000000000000000000000000000000000000000000800000000000000000000000000000   240921             00000000000000                                                                  000053
1021903727600017200000260206200016896                         00000000400328867946000000000000000000000000060623092126/400328800000000400328867946260921000000000800065500001  000000000000000000000000000000000000000000000000000000000000000000000000000000000000000800000000000000000000000000000   240921             00000000000000                                                                  000054
1021903727600017200000260206200016896                         0000000040034058867P000000000000000000000000060623092126/40034050000000040034058867P260921000000003000004100375  000000000000000000000000000000000000000000000000000000000000000000000000000000000000003000000000000000000000000000000   240921             00000000000000                                                                  000055
1021903727600017200000260206200016896                         00000000400397338971000000000000000000000000060623092126/400397300000000400397338971260921000000003900075604327  000000000000000000000000000000000000000000000000000000000000000000000000000000000000003900000000000000000000000000000   240921             00000000000000                                                                  000056
1021903727600017200000260206200016896                         00000000400438846286000000000000000000000000060623092126/400438800000000400438846286260921000000001500010403880  000000000000000000000000000000000000000000000000000000000000000000000000000000000000001500000000000000000000000000000   240921             00000000000000                                                                  000057
1021903727600017200000260206200016896                         00000000400472522228000000000000000000000000060623092126/400472500000000400472522228260921000000001500010403880  000000000000000000000000000000000000000000000000000000000000000000000000000000000000001500000000000000000000000000000   240921             00000000000000                                                                  000058
1021903727600017200000260206200016896                         00000000400489686666000000000000000000000000060623092126/400489600000000400489686666260921000000001000008100001  000000000000000000000000000000000000000000000000000000000000000000000000000000000000001000000000000000000000000000000   240921             00000000000000                                                                  000059
1021903727600017200000260206200016896                         00000000400510989399000000000000000000000000060623092126/400510900000000400510989399260921000000000800026000001  000000000000000000000000000000000000000000000000000000000000000000000000000000000000000800000000000000000000000000000   240921             00000000000000                                                                  000060
1021903727600017200000260206200016896                         00000000400522441860000000000000000000000000060623092126/400522400000000400522441860260921000000000800065500001  000000000000000000000000000000000000000000000000000000000000000000000000000000000000000800000000000000000000000000000   240921             00000000000000                                                                  000061
1021903727600017200000260206200016896                         00000000400534907938000000000000000000000000060623092126/400534900000000400534907938260921000000000850075604327  000000000000000000000000000000000000000000000000000000000000000000000000000000000000000850000000000000000000000000000   240921             00000000000000                                                                  000062
1021903727600017200000260206200016896                         00000000400593051427000000000000000000000000060623092126/400593000000000400593051427250921000000005500010404354  000000000000000000000000000000000000000000000000000000000000000000000000000000000000005500000000000000000000000000000   240921             00000000000000                                                                  000063
1021903727600017200000260206200016896                         00000000400637383244000000000000000000000000060623092126/400637300000000400637383244260921000000000800065500001  000000000000000000000000000000000000000000000000000000000000000000000000000000000000000800000000000000000000000000000   240921             00000000000000                                                                  000064
1021903727600017200000260206200016896                         00000000400660018510000000000000000000000000060623092126/400660000000000400660018510260921000000000800065500001  000000000000000000000000000000000000000000000000000000000000000000000000000000000000000800000000000000000000000000000   240921             00000000000000                                                                  000065
1021903727600017200000260206200016896                         00000000400720994026000000000000000000000000060623092126/400720900000000400720994026260921000000002400004100377  000000000000000000000000000000000000000000000000000000000000000000000000000000000000002400000000000000000000000000000   240921             00000000000000                                                                  000066
1021903727600017200000260206200016896                         00000000400752753071000000000000000000000000060623092126/400752700000000400752753071260921000000000800065500001  000000000000000000000000000000000000000000000000000000000000000000000000000000000000000800000000000000000000000000000   240921             00000000000000                                                                  000067
1021903727600017200000260206200016896                         00000000400818089429000000000000000000000000060623092126/400818000000000400818089429260921000000003550021200001  000000000000000000000000000000000000000000000000000000000000000000000000000000000000003550000000000000000000000000000   240921             00000000000000                                                                  000068
1021903727600017200000260206200016896                         0000000040086988424P000000000000000000000000060623092126/40086980000000040086988424P260921000000000910003300773  000000000000000000000000000000000000000000000000000000000000000000000000000000000000000910000000000000000000000000000   240921             00000000000000                                                                  000069
1021903727600017200000260206200016896                         00000000400877668408000000000000000000000000060623092126/400877600000000400877668408260921000000001430010403880  000000000000000000000000000000000000000000000000000000000000000000000000000000000000001430000000000000000000000000000   240921             00000000000000                                                                  000070
1021903727600017200000260206200016896                         00000000400905196215000000000000000000000000060623092126/400905100000000400905196215260921000000000800065500001  000000000000000000000000000000000000000000000000000000000000000000000000000000000000000800000000000000000000000000000   240921             00000000000000                                                                  000071
1021903727600017200000260206200016896                         00000000400920943051000000000000000000000000060623092126/400920900000000400920943051260921000000012000075601098  000000000000000000000000000000000000000000000000000000000000000000000000000000000000012000000000000000000000000000000   240921             00000000000000                                                                  000072
1021903727600017200000260206200016896                         00000000400972667745000000000000000000000000060623092126/400972600000000400972667745260921000000000800065500001  000000000000000000000000000000000000000000000000000000000000000000000000000000000000000800000000000000000000000000000   240921             00000000000000                                                                  000073
1021903727600017200000260206200016896                         00000000400988898046000000000000000000000000060623092126/400988800000000400988898046260921000000001800003304048  000000000000000000000000000000000000000000000000000000000000000000000000000000000000001800000000000000000000000000000   240921             00000000000000                                                                  000074
1021903727600017200000260206200016896                         00000000400994907685000000000000000000000000060623092126/400994900000000400994907685260921000000015000023703929  000000000000000000000000000000000000000000000000000000000000000000000000000000000000015000000000000000000000000000000   240921             00000000000000                                                                  000075
1021903727600017200000260206200016896                         00000000200005800770000000000000000000000000061023092126/200005800000000200005800770240721000000000624123700000  000000000000000000000000000000000000000000000000000000000000000000000000000000000000000000000000000000000000000000000                          1600000000                                                                  000076
1021903727600017200000260206200016896                         00000000200317839801000000000000000000000000061023092126/200317800000000200317839801240721000000000119823700000  000000000000000000000000000000000000000000000000000000000000000000000000000000000000000000000000000000000000000000000                          1600000000                                                                  000077
1021903727600017200000260206200016896                         00000000200997330061000000000000000000000000061023092126/200997300000000200997330061240721000000000936123700000  000000000000000000000000000000000000000000000000000000000000000000000000000000000000000000000000000000000000000000000                          1600000000                                                                  000078
1021903727600017200000260206200016896                         0000000040063679755P000000000000000000000000061023092126/40063670000000040063679755P240721000000001500023700000  000000000000000000000000000000000000000000000000000000000000000000000000000000000000000000000000000000000000000000000                          1600000000                                                                  000079
1021903727600017200000260206200016896                         00000000400688124421000000000000000000000000061023092126/400688100000000400688124421240721000000000800023700000  000000000000000000000000000000000000000000000000000000000000000000000000000000000000000000000000000000000000000000000                          1600000000                                                                  000080
1021903727600017200000260206200016896                         00000000400852775684000000000000000000000000061023092126/400852700000000400852775684240721000000001500023700000  000000000000000000000000000000000000000000000000000000000000000000000000000000000000000000000000000000000000000000000                          1600000000                                                                  000081
1021903727600017200000260206200016896                         00000000400893469822000000000000000000000000061023092126/400893400000000400893469822240721000000001660023700000  000000000000000000000000000000000000000000000000000000000000000000000000000000000000000000000000000000000000000000000                          1600000000                                                                  000082
1021903727600017200000260206200016896                         00000000600085905215000000000000000000000000061023092126/600085900000000600085905215240721000000000069923700000  000000000000000000000000000000000000000000000000000000000000000000000000000000000000000000000000000000000000000000000                          1600000000                                                                  000083
1021903727600017200000260206200016896                         00000000600463172221000000000000000000000000061023092126/600463100000000600463172221240721000000000069923700000  000000000000000000000000000000000000000000000000000000000000000000000000000000000000000000000000000000000000000000000                          1600000000                                                                  000084
9201237          000000340000000079517400000773          00040000000914456000000795174000340000007951740000900000007279800000000000000000000000000000000000000000000000000000000000000000000                                                                                                                                                                              00000000000000000000000         000085
