02RETORNO01COBRANCA       00000000000005034448E-PREPAG ADMINISTRADORA DE CAR237BRADESCO       2312210160000000835                                                                                                                                                                                                                                                                          241221         000001
1021903727600017200000260206200016896                         00000000200012605304000000000000000000000000060223122126/200012600000000200012605304261221000000001075823704154  000000000008200000000000000000000000000000000000000000000000000000000000000000000000000000000000000000000000000000000                          0000000000                                                                  000002
1021903727600017200000260206200016896                         00000000200174675063000000000000000000000000060223122126/200174600000000200174675063261221000000000849323704151  000000000008200000000000000000000000000000000000000000000000000000000000000000000000000000000000000000000000000000000                          7600000000                                                                  000003
1021903727600017200000260206200016896                         0000000040003107520P000000000000000000000000060223122126/40003100000000040003107520P261221000000002000023700435  000000000008200000000000000000000000000000000000000000000000000000000000000000000000000000000000000000000000000000000                          0000000000                                                                  000004
1021903727600017200000260206200016896                         00000000400100601202000000000000000000000000060223122126/400100600000000400100601202261221000000006000023704452  000000000008200000000000000000000000000000000000000000000000000000000000000000000000000000000000000000000000000000000                          0000000000                                                                  000005
1021903727600017200000260206200016896                         00000000400148534329000000000000000000000000060223122126/400148500000000400148534329261221000000000800023700140  000000000008200000000000000000000000000000000000000000000000000000000000000000000000000000000000000000000000000000000                          0000000000                                                                  000006
1021903727600017200000260206200016896                         00000000400176783679000000000000000000000000060223122126/400176700000000400176783679261221000000004000023700140  000000000008200000000000000000000000000000000000000000000000000000000000000000000000000000000000000000000000000000000                          0000000000                                                                  000007
1021903727600017200000260206200016896                         00000000400185888319000000000000000000000000060223122126/400185800000000400185888319261221000000000860023702062  000000000008200000000000000000000000000000000000000000000000000000000000000000000000000000000000000000000000000000000                          0000000000                                                                  000008
1021903727600017200000260206200016896                         00000000400231686793000000000000000000000000060223122126/400231600000000400231686793261221000000000810023704602  000000000000000000000000000000000000000000000000000000000000000000000000000000000000000000000000000000000000000000000                          7600000000                                                                  000009
1021903727600017200000260206200016896                         00000000400251678835000000000000000000000000060223122126/400251600000000400251678835261221000000008120023704154  000000000008200000000000000000000000000000000000000000000000000000000000000000000000000000000000000000000000000000000                          0000000000                                                                  000010
1021903727600017200000260206200016896                         00000000400287598927000000000000000000000000060223122126/400287500000000400287598927261221000000001200023704422  000000000008200000000000000000000000000000000000000000000000000000000000000000000000000000000000000000000000000000000                          0000000000                                                                  000011
1021903727600017200000260206200016896                         0000000040031123155P000000000000000000000000060223122126/40031120000000040031123155P261221000000000810023702062  000000000008200000000000000000000000000000000000000000000000000000000000000000000000000000000000000000000000000000000                          0000000000                                                                  000012
1021903727600017200000260206200016896                         0000000040033235404P000000000000000000000000060223122126/40033230000000040033235404P261221000000000800023704422  000000000008200000000000000000000000000000000000000000000000000000000000000000000000000000000000000000000000000000000                          0000000000                                                                  000013
1021903727600017200000260206200016896                         00000000400335224058000000000000000000000000060223122126/400335200000000400335224058261221000000000800023704151  000000000008200000000000000000000000000000000000000000000000000000000000000000000000000000000000000000000000000000000                          0000000000                                                                  000014
1021903727600017200000260206200016896                         00000000400385568300000000000000000000000000060223122126/400385500000000400385568300261221000000002000023704151  000000000008200000000000000000000000000000000000000000000000000000000000000000000000000000000000000000000000000000000                          0000000000                                                                  000015
1021903727600017200000260206200016896                         0000000040054513180P000000000000000000000000060223122126/40054510000000040054513180P261221000000000850023702062  000000000008200000000000000000000000000000000000000000000000000000000000000000000000000000000000000000000000000000000                          0000000000                                                                  000016
1021903727600017200000260206200016896                         00000000400608628998000000000000000000000000060223122126/400608600000000400608628998261221000000008410023700153  000000000008200000000000000000000000000000000000000000000000000000000000000000000000000000000000000000000000000000000                          0000000000                                                                  000017
1021903727600017200000260206200016896                         00000000400621900524000000000000000000000000060223122126/400621900000000400621900524261221000000001000023704422  000000000008200000000000000000000000000000000000000000000000000000000000000000000000000000000000000000000000000000000                          0000000000                                                                  000018
1021903727600017200000260206200016896                         00000000400626369487000000000000000000000000060223122126/400626300000000400626369487261221000000004500023704157  000000000008200000000000000000000000000000000000000000000000000000000000000000000000000000000000000000000000000000000                          0000000000                                                                  000019
1021903727600017200000260206200016896                         00000000400658864854000000000000000000000000060223122126/400658800000000400658864854261221000000001690023700320  000000000008200000000000000000000000000000000000000000000000000000000000000000000000000000000000000000000000000000000                          0000000000                                                                  000020
1021903727600017200000260206200016896                         00000000400662083913000000000000000000000000060223122126/400662000000000400662083913261221000000000820023704602  000000000000000000000000000000000000000000000000000000000000000000000000000000000000000000000000000000000000000000000                          7600000000                                                                  000021
1021903727600017200000260206200016896                         00000000400663744549000000000000000000000000060223122126/400663700000000400663744549261221000000004120023704154  000000000008200000000000000000000000000000000000000000000000000000000000000000000000000000000000000000000000000000000                          0000000000                                                                  000022
1021903727600017200000260206200016896                         00000000400689525543000000000000000000000000060223122126/400689500000000400689525543261221000000000800023704602  000000000000000000000000000000000000000000000000000000000000000000000000000000000000000000000000000000000000000000000                          7600000000                                                                  000023
1021903727600017200000260206200016896                         00000000400711505446000000000000000000000000060223122126/400711500000000400711505446261221000000009000023704157  000000000008200000000000000000000000000000000000000000000000000000000000000000000000000000000000000000000000000000000                          0000000000                                                                  000024
1021903727600017200000260206200016896                         00000000400718338057000000000000000000000000060223122126/400718300000000400718338057261221000000001290023700140  000000000008200000000000000000000000000000000000000000000000000000000000000000000000000000000000000000000000000000000                          0000000000                                                                  000025
1021903727600017200000260206200016896                         00000000400718933079000000000000000000000000060223122126/400718900000000400718933079261221000000002420023704143  000000000008200000000000000000000000000000000000000000000000000000000000000000000000000000000000000000000000000000000                          7600000000                                                                  000026
1021903727600017200000260206200016896                         00000000400780398783000000000000000000000000060223122126/400780300000000400780398783261221000000000840023702062  000000000008200000000000000000000000000000000000000000000000000000000000000000000000000000000000000000000000000000000                          0000000000                                                                  000027
1021903727600017200000260206200016896                         0000000040087019141P000000000000000000000000060223122126/40087010000000040087019141P261221000000000800023702062  000000000008200000000000000000000000000000000000000000000000000000000000000000000000000000000000000000000000000000000                          0000000000                                                                  000028
1021903727600017200000260206200016896                         00000000400885195136000000000000000000000000060223122126/400885100000000400885195136261221000000000830023702062  000000000008200000000000000000000000000000000000000000000000000000000000000000000000000000000000000000000000000000000                          0000000000                                                                  000029
1021903727600017200000260206200016896                         00000000400924995471000000000000000000000000060223122126/400924900000000400924995471261221000000003300023704159  000000000008200000000000000000000000000000000000000000000000000000000000000000000000000000000000000000000000000000000                          0000000000                                                                  000030
1021903727600017200000260206200016896                         00000000400952690880000000000000000000000000060223122126/400952600000000400952690880261221000000002500023704426  000000000008200000000000000000000000000000000000000000000000000000000000000000000000000000000000000000000000000000000                          0000000000                                                                  000031
1021903727600017200000260206200016896                         00000000200464159646000000000000000000000000060323122126/200464100000000200464159646251221000000000049923704151  000000000000000000000000000000000000000000000000000000000000000000000000000000000000000000000000000000000000000000000                          0900000000                                                                  000032
1021903727600017200000260206200016896                         00000000200012605304000000000000000000000000060623122126/200012600000000200012605304261221000000001075802100129  000000000000000000000000000000000000000000000000000000000000000000000000000000000000001075800000000000000000000000000   241221             00000000000000                                                                  000033
1021903727600017200000260206200016896                         0000000040003107520P000000000000000000000000060623122126/40003100000000040003107520P261221000000002000010400737  000000000000000000000000000000000000000000000000000000000000000000000000000000000000002000000000000000000000000000000   241221             00000000000000                                                                  000034
1021903727600017200000260206200016896                         00000000400148534329000000000000000000000000060623122126/400148500000000400148534329261221000000000800007000264  000000000000000000000000000000000000000000000000000000000000000000000000000000000000000800000000000000000000000000000   241221             00000000000000                                                                  000035
1021903727600017200000260206200016896                         00000000400176783679000000000000000000000000060623122126/400176700000000400176783679261221000000004000075604327  000000000000000000000000000000000000000000000000000000000000000000000000000000000000004000000000000000000000000000000   241221             00000000000000                                                                  000036
1021903727600017200000260206200016896                         00000000400185888319000000000000000000000000060623122126/400185800000000400185888319261221000000000860075604327  000000000000000000000000000000000000000000000000000000000000000000000000000000000000000860000000000000000000000000000   241221             00000000000000                                                                  000037
1021903727600017200000260206200016896                         00000000400228204222000000000000000000000000060623122126/400228200000000400228204222251221000000000800075604327  000000000000000000000000000000000000000000000000000000000000000000000000000000000000000800000000000000000000000000000   241221             00000000000000                                                                  000038
1021903727600017200000260206200016896                         00000000400231686793000000000000000000000000060623122126/400231600000000400231686793261221000000000810075600259  000000000000000000000000000000000000000000000000000000000000000000000000000000000000000810000000000000000000000000000   241221             00000000000000                                                                  000039
1021903727600017200000260206200016896                         0000000040031123155P000000000000000000000000060623122126/40031120000000040031123155P261221000000000810075604327  000000000000000000000000000000000000000000000000000000000000000000000000000000000000000810000000000000000000000000000   241221             00000000000000                                                                  000040
1021903727600017200000260206200016896                         0000000040033235404P000000000000000000000000060623122126/40033230000000040033235404P261221000000000800010402089  000000000000000000000000000000000000000000000000000000000000000000000000000000000000000800000000000000000000000000000   241221             00000000000000                                                                  000041
1021903727600017200000260206200016896                         00000000400335224058000000000000000000000000060623122126/400335200000000400335224058261221000000000800075604327  000000000000000000000000000000000000000000000000000000000000000000000000000000000000000800000000000000000000000000000   241221             00000000000000                                                                  000042
1021903727600017200000260206200016896                         00000000400385568300000000000000000000000000060623122126/400385500000000400385568300261221000000002000010400280  000000000000000000000000000000000000000000000000000000000000000000000000000000000000002000000000000000000000000000000   241221             00000000000000                                                                  000043
1021903727600017200000260206200016896                         00000000400480340473000000000000000000000000060623122126/400480300000000400480340473251221000000000800075604327  000000000000000000000000000000000000000000000000000000000000000000000000000000000000000800000000000000000000000000000   241221             00000000000000                                                                  000044
1021903727600017200000260206200016896                         0000000040054513180P000000000000000000000000060623122126/40054510000000040054513180P261221000000000850075604327  000000000000000000000000000000000000000000000000000000000000000000000000000000000000000850000000000000000000000000000   241221             00000000000000                                                                  000045
1021903727600017200000260206200016896                         00000000400608628998000000000000000000000000060623122126/400608600000000400608628998261221000000008410023705889  000000000000000000000000000000000000000000000000000000000000000000000000000000000000008410000000000000000000000000000   241221             00000000000000                                                                  000046
1021903727600017200000260206200016896                         00000000400621900524000000000000000000000000060623122126/400621900000000400621900524261221000000001000075604327  000000000000000000000000000000000000000000000000000000000000000000000000000000000000001000000000000000000000000000000   241221             00000000000000                                                                  000047
1021903727600017200000260206200016896                         00000000400626369487000000000000000000000000060623122126/400626300000000400626369487261221000000004500026000001  000000000000000000000000000000000000000000000000000000000000000000000000000000000000004500000000000000000000000000000   241221             00000000000000                                                                  000048
1021903727600017200000260206200016896                         00000000400658864854000000000000000000000000060623122126/400658800000000400658864854261221000000001690010403880  000000000000000000000000000000000000000000000000000000000000000000000000000000000000001690000000000000000000000000000   241221             00000000000000                                                                  000049
1021903727600017200000260206200016896                         00000000400662083913000000000000000000000000060623122126/400662000000000400662083913261221000000000820075600259  000000000000000000000000000000000000000000000000000000000000000000000000000000000000000820000000000000000000000000000   241221             00000000000000                                                                  000050
1021903727600017200000260206200016896                         00000000400663744549000000000000000000000000060623122126/400663700000000400663744549261221000000004120010400718  000000000000000000000000000000000000000000000000000000000000000000000000000000000000004120000000000000000000000000000   241221             00000000000000                                                                  000051
1021903727600017200000260206200016896                         00000000400689525543000000000000000000000000060623122126/400689500000000400689525543261221000000000800075600259  000000000000000000000000000000000000000000000000000000000000000000000000000000000000000800000000000000000000000000000   241221             00000000000000                                                                  000052
1021903727600017200000260206200016896                         00000000400711505446000000000000000000000000060623122126/400711500000000400711505446261221000000009000023703929  000000000000000000000000000000000000000000000000000000000000000000000000000000000000009000000000000000000000000000000   241221             00000000000000                                                                  000053
1021903727600017200000260206200016896                         00000000400718338057000000000000000000000000060623122126/400718300000000400718338057261221000000001290007000264  000000000000000000000000000000000000000000000000000000000000000000000000000000000000001290000000000000000000000000000   241221             00000000000000                                                                  000054
1021903727600017200000260206200016896                         00000000400780398783000000000000000000000000060623122126/400780300000000400780398783261221000000000840075604327  000000000000000000000000000000000000000000000000000000000000000000000000000000000000000840000000000000000000000000000   241221             00000000000000                                                                  000055
1021903727600017200000260206200016896                         0000000040087019141P000000000000000000000000060623122126/40087010000000040087019141P261221000000000800075604327  000000000000000000000000000000000000000000000000000000000000000000000000000000000000000800000000000000000000000000000   241221             00000000000000                                                                  000056
1021903727600017200000260206200016896                         00000000400924995471000000000000000000000000060623122126/400924900000000400924995471261221000000003300075604327  000000000000000000000000000000000000000000000000000000000000000000000000000000000000003300000000000000000000000000000   241221             00000000000000                                                                  000057
1021903727600017200000260206200016896                         00000000400952690880000000000000000000000000060623122126/400952600000000400952690880261221000000002500010403711  000000000000000000000000000000000000000000000000000000000000000000000000000000000000002500000000000000000000000000000   241221             00000000000000                                                                  000058
1021903727600017200000260206200016896                         00000000200488728285000000000000000000000000061023122126/200488700000000200488728285231021000000000219923700000  000000000000000000000000000000000000000000000000000000000000000000000000000000000000000000000000000000000000000000000                          1600000000                                                                  000059
1021903727600017200000260206200016896                         00000000200560811133000000000000000000000000061023122126/200560800000000200560811133231021000000000500023700000  000000000000000000000000000000000000000000000000000000000000000000000000000000000000000000000000000000000000000000000                          1600000000                                                                  000060
1021903727600017200000260206200016896                         00000000200989482715000000000000000000000000061023122126/200989400000000200989482715231021000000001413423700000  000000000000000000000000000000000000000000000000000000000000000000000000000000000000000000000000000000000000000000000                          1600000000                                                                  000061
1021903727600017200000260206200016896                         00000000600579931049000000000000000000000000061023122126/600579900000000600579931049231021000000000119923700000  000000000000000000000000000000000000000000000000000000000000000000000000000000000000000000000000000000000000000000000                          1600000000                                                                  000062
9201237          000003550000000779484100000835          00030000000732951000000554758000260000005547580000400000002253200000000000000000000000000000000000000000000000000000000000000000000                                                                                                                                                                              00000000000000000000000         000063
