02RETORNO01COBRANCA       00000000000005034448E-PREPAG ADMINISTRADORA DE CAR237BRADESCO       2403230160000001148                                                                                                                                                                                                                                                                          270323         000001
1021903727600017200000260206200016896                         00000000400767864740000000000000000000000000060224032326/400767800000000400767864740270323000000001500023704159  000000000008200000000000000000000000000000000000000000000000000000000000000000000000000000000000000000000000000000000                          0000000000                                                                  000002
1021903727600017200000260206200016896                         00000000400838931320000000000000000000000000060224032326/400838900000000400838931320270323000000001150023704143  000000000008200000000000000000000000000000000000000000000000000000000000000000000000000000000000000000000000000000000                          7600000000                                                                  000003
1021903727600017200000260206200016896                         00000000400767864740000000000000000000000000060624032326/400767800000000400767864740270323000000001500075604327  000000000000000000000000000000000000000000000000000000000000000000000000000000000000001500000000000000000000000000000   270323             00000000000000                                                                  000004
9201237          000000590000000057524900001148          00002000000026500000000015000000010000000150000000000000000000000000000000000000000000000000000000000000000000000000000000000000000                                                                                                                                                                              00000000000000000000000         000005
