02RETORNO01COBRANCA       00000000000005034448E-PREPAG ADMINISTRADORA DE CAR237BRADESCO       2406220160000000960                                                                                                                                                                                                                                                                          270622         000001
1021903727600017200000260206200016896                         00000000200338748830000000000000000000000000060224062226/200338700000000200338748830270622000000000303023700321  000000000000000000000000000000000000000000000000000000000000000000000000000000000000000000000000000000000000000000000                          0000000000                                                                  000002
1021903727600017200000260206200016896                         00000000200772844341000000000000000000000000060224062226/200772800000000200772844341270622000000000319923704400  000000000000000000000000000000000000000000000000000000000000000000000000000000000000000000000000000000000000000000000                          0000000000                                                                  000003
1021903727600017200000260206200016896                         00000000400041583874000000000000000000000000060224062226/400041500000000400041583874270622000000002000023704143  000000000008200000000000000000000000000000000000000000000000000000000000000000000000000000000000000000000000000000000                          0000000000                                                                  000004
1021903727600017200000260206200016896                         0000000040015663586P000000000000000000000000060224062226/40015660000000040015663586P270622000000001190023704158  000000000008200000000000000000000000000000000000000000000000000000000000000000000000000000000000000000000000000000000                          0000000000                                                                  000005
1021903727600017200000260206200016896                         00000000400202181712000000000000000000000000060224062226/400202100000000400202181712270622000000099000023704151  000000000008200000000000000000000000000000000000000000000000000000000000000000000000000000000000000000000000000000000                          7600000000                                                                  000006
1021903727600017200000260206200016896                         00000000400370365101000000000000000000000000060224062226/400370300000000400370365101270622000000001000023704152  000000000008200000000000000000000000000000000000000000000000000000000000000000000000000000000000000000000000000000000                          0000000000                                                                  000007
1021903727600017200000260206200016896                         0000000040038319201P000000000000000000000000060224062226/40038310000000040038319201P270622000000000800023700320  000000000008200000000000000000000000000000000000000000000000000000000000000000000000000000000000000000000000000000000                          0000000000                                                                  000008
1021903727600017200000260206200016896                         0000000040048635168P000000000000000000000000060224062226/40048630000000040048635168P270622000000013700023704157  000000000008200000000000000000000000000000000000000000000000000000000000000000000000000000000000000000000000000000000                          0000000000                                                                  000009
1021903727600017200000260206200016896                         00000000400568670449000000000000000000000000060224062226/400568600000000400568670449270622000000001200023700140  000000000008200000000000000000000000000000000000000000000000000000000000000000000000000000000000000000000000000000000                          0000000000                                                                  000010
1021903727600017200000260206200016896                         00000000400768599978000000000000000000000000060224062226/400768500000000400768599978270622000000003710023704154  000000000008200000000000000000000000000000000000000000000000000000000000000000000000000000000000000000000000000000000                          0000000000                                                                  000011
1021903727600017200000260206200016896                         00000000400973903159000000000000000000000000060224062226/400973900000000400973903159270622000000002250023704154  000000000008200000000000000000000000000000000000000000000000000000000000000000000000000000000000000000000000000000000                          0000000000                                                                  000012
1021903727600017200000260206200016896                         00000000400041583874000000000000000000000000060624062226/400041500000000400041583874270622000000002000010403130  000000000000000000000000000000000000000000000000000000000000000000000000000000000000002000000000000000000000000000000   270622             00000000000000                                                                  000013
1021903727600017200000260206200016896                         0000000040015663586P000000000000000000000000060624062226/40015660000000040015663586P270622000000001190075604327  000000000000000000000000000000000000000000000000000000000000000000000000000000000000001190000000000000000000000000000   270622             00000000000000                                                                  000014
1021903727600017200000260206200016896                         00000000400202181712000000000000000000000000060624062226/400202100000000400202181712270622000000099000021200001  000000000000000000000000000000000000000000000000000000000000000000000000000000000000099000000000000000000000000000000   270622             00000000000000                                                                  000015
1021903727600017200000260206200016896                         00000000400370365101000000000000000000000000060624062226/400370300000000400370365101270622000000001000023700536  000000000000000000000000000000000000000000000000000000000000000000000000000000000000001000000000000000000000000000000   270622             00000000000000                                                                  000016
1021903727600017200000260206200016896                         0000000040038319201P000000000000000000000000060624062226/40038310000000040038319201P270622000000000800075604327  000000000000000000000000000000000000000000000000000000000000000000000000000000000000000800000000000000000000000000000   270622             00000000000000                                                                  000017
1021903727600017200000260206200016896                         0000000040048635168P000000000000000000000000060624062226/40048630000000040048635168P270622000000013700010400389  000000000000000000000000000000000000000000000000000000000000000000000000000000000000013700000000000000000000000000000   270622             00000000000000                                                                  000018
1021903727600017200000260206200016896                         00000000400568670449000000000000000000000000060624062226/400568600000000400568670449270622000000001200075604327  000000000000000000000000000000000000000000000000000000000000000000000000000000000000001200000000000000000000000000000   270622             00000000000000                                                                  000019
1021903727600017200000260206200016896                         00000000400768599978000000000000000000000000060624062226/400768500000000400768599978270622000000003710010400721  000000000000000000000000000000000000000000000000000000000000000000000000000000000000003710000000000000000000000000000   270622             00000000000000                                                                  000020
1021903727600017200000260206200016896                         00000000400973903159000000000000000000000000060624062226/400973900000000400973903159270622000000002250010400721  000000000000000000000000000000000000000000000000000000000000000000000000000000000000002250000000000000000000000000000   270622             00000000000000                                                                  000021
1021903727600017200000260206200016896                         00000000200670498562000000000000000000000000061024062226/200670400000000200670498562240422000000000186323700000  000000000000000000000000000000000000000000000000000000000000000000000000000000000000000000000000000000000000000000000                          1600000000                                                                  000022
9201237          000001510000000443097100000960          00011000001254729000001248500000090000012485000000100000000186300000000000000000000000000000000000000000000000000000000000000000000                                                                                                                                                                              00000000000000000000000         000023
