02RETORNO01COBRANCA       00000000000005034448E-PREPAG ADMINISTRADORA DE CAR237BRADESCO       2412210160000000836                                                                                                                                                                                                                                                                          271221         000001
1021903727600017200000260206200016896                         00000000200028683178000000000000000000000000060224122126/200028600000000200028683178271221000000001021623704154  000000000008200000000000000000000000000000000000000000000000000000000000000000000000000000000000000000000000000000000                          0000000000                                                                  000002
1021903727600017200000260206200016896                         00000000200247608351000000000000000000000000060224122126/200247600000000200247608351271221000000000049923704151  000000000008200000000000000000000000000000000000000000000000000000000000000000000000000000000000000000000000000000000                          7600000000                                                                  000003
1021903727600017200000260206200016896                         00000000200299427606000000000000000000000000060224122126/200299400000000200299427606271221000000000680923704452  000000000008200000000000000000000000000000000000000000000000000000000000000000000000000000000000000000000000000000000                          0000000000                                                                  000004
1021903727600017200000260206200016896                         00000000200549957924000000000000000000000000060224122126/200549900000000200549957924271221000000000500023704147  000000000008200000000000000000000000000000000000000000000000000000000000000000000000000000000000000000000000000000000                          7600000000                                                                  000005
1021903727600017200000260206200016896                         00000000200582088605000000000000000000000000060224122126/200582000000000200582088605271221000000001021623704154  000000000008200000000000000000000000000000000000000000000000000000000000000000000000000000000000000000000000000000000                          0000000000                                                                  000006
1021903727600017200000260206200016896                         00000000200845278846000000000000000000000000060224122126/200845200000000200845278846271221000000000207223704151  000000000008200000000000000000000000000000000000000000000000000000000000000000000000000000000000000000000000000000000                          7600000000                                                                  000007
1021903727600017200000260206200016896                         00000000200858084498000000000000000000000000060224122126/200858000000000200858084498271221000000000069923704422  000000000008200000000000000000000000000000000000000000000000000000000000000000000000000000000000000000000000000000000                          0000000000                                                                  000008
1021903727600017200000260206200016896                         00000000200898863325000000000000000000000000060224122126/200898800000000200898863325271221000000000207223704274  000000000008200000000000000000000000000000000000000000000000000000000000000000000000000000000000000000000000000000000                          0000000000                                                                  000009
1021903727600017200000260206200016896                         0000000020090753738P000000000000000000000000060224122126/20090750000000020090753738P271221000000000868323704143  000000000008200000000000000000000000000000000000000000000000000000000000000000000000000000000000000000000000000000000                          7600000000                                                                  000010
1021903727600017200000260206200016896                         00000000400276285870000000000000000000000000060224122126/400276200000000400276285870271221000000001700023704159  000000000008200000000000000000000000000000000000000000000000000000000000000000000000000000000000000000000000000000000                          0000000000                                                                  000011
1021903727600017200000260206200016896                         0000000040055614301P000000000000000000000000060224122126/40055610000000040055614301P271221000000008000023704159  000000000008200000000000000000000000000000000000000000000000000000000000000000000000000000000000000000000000000000000                          0000000000                                                                  000012
1021903727600017200000260206200016896                         00000000400646557093000000000000000000000000060224122126/400646500000000400646557093271221000000150000023704428  000000000008200000000000000000000000000000000000000000000000000000000000000000000000000000000000000000000000000000000                          7600000000                                                                  000013
1021903727600017200000260206200016896                         00000000400652325463000000000000000000000000060224122126/400652300000000400652325463271221000000005000023704157  000000000008200000000000000000000000000000000000000000000000000000000000000000000000000000000000000000000000000000000                          0000000000                                                                  000014
1021903727600017200000260206200016896                         00000000400734601612000000000000000000000000060224122126/400734600000000400734601612271221000000005000023704143  000000000008200000000000000000000000000000000000000000000000000000000000000000000000000000000000000000000000000000000                          0000000000                                                                  000015
1021903727600017200000260206200016896                         00000000400827674393000000000000000000000000060224122126/400827600000000400827674393271221000000006430023704154  000000000008200000000000000000000000000000000000000000000000000000000000000000000000000000000000000000000000000000000                          0000000000                                                                  000016
1021903727600017200000260206200016896                         00000000200028683178000000000000000000000000060624122126/200028600000000200028683178271221000000001021610400172  000000000000000000000000000000000000000000000000000000000000000000000000000000000000001021600000000000000000000000000   271221             00000000000000                                                                  000017
1021903727600017200000260206200016896                         00000000200299427606000000000000000000000000060624122126/200299400000000200299427606271221000000000680963300001  000000000000000000000000000000000000000000000000000000000000000000000000000000000000000680900000000000000000000000000   271221             00000000000000                                                                  000018
1021903727600017200000260206200016896                         00000000200582088605000000000000000000000000060624122126/200582000000000200582088605271221000000001021610400172  000000000000000000000000000000000000000000000000000000000000000000000000000000000000001021600000000000000000000000000   271221             00000000000000                                                                  000019
1021903727600017200000260206200016896                         00000000200898863325000000000000000000000000060624122126/200898800000000200898863325271221000000000207210401594  000000000000000000000000000000000000000000000000000000000000000000000000000000000000000207200000000000000000000000000   271221             00000000000000                                                                  000020
1021903727600017200000260206200016896                         00000000400100601202000000000000000000000000060624122126/400100600000000400100601202261221000000006000000101292  000000000000000000000000000000000000000000000000000000000000000000000000000000000000006000000000000000000000000000000   271221             00000000000000                                                                  000021
1021903727600017200000260206200016896                         00000000400251678835000000000000000000000000060624122126/400251600000000400251678835261221000000008120010400721  000000000000000000000000000000000000000000000000000000000000000000000000000000000000008120000000000000000000000000000   271221             00000000000000                                                                  000022
1021903727600017200000260206200016896                         0000000040055614301P000000000000000000000000060624122126/40055610000000040055614301P271221000000008000000100922  000000000000000000000000000000000000000000000000000000000000000000000000000000000000008000000000000000000000000000000   271221             00000000000000                                                                  000023
1021903727600017200000260206200016896                         00000000200118276067000000000000000000000000061024122126/200118200000000200118276067241021000000001447623700000  000000000000000000000000000000000000000000000000000000000000000000000000000000000000000000000000000000000000000000000                          1600000000                                                                  000024
1021903727600017200000260206200016896                         00000000400137814192000000000000000000000000061024122126/400137800000000400137814192241021000000000800023700000  000000000000000000000000000000000000000000000000000000000000000000000000000000000000000000000000000000000000000000000                          1600000000                                                                  000025
1021903727600017200000260206200016896                         00000000400190447444000000000000000000000000061024122126/400190400000000400190447444241021000000000800023700000  000000000000000000000000000000000000000000000000000000000000000000000000000000000000000000000000000000000000000000000                          1600000000                                                                  000026
1021903727600017200000260206200016896                         0000000040030002563P000000000000000000000000061024122126/40030000000000040030002563P241021000000001260023700000  000000000000000000000000000000000000000000000000000000000000000000000000000000000000000000000000000000000000000000000                          1600000000                                                                  000027
1021903727600017200000260206200016896                         00000000400304038183000000000000000000000000061024122126/400304000000000400304038183241021000000000800023700000  000000000000000000000000000000000000000000000000000000000000000000000000000000000000000000000000000000000000000000000                          1600000000                                                                  000028
1021903727600017200000260206200016896                         00000000400340950816000000000000000000000000061024122126/400340900000000400340950816241021000000000800023700000  000000000000000000000000000000000000000000000000000000000000000000000000000000000000000000000000000000000000000000000                          1600000000                                                                  000029
1021903727600017200000260206200016896                         00000000400418763546000000000000000000000000061024122126/400418700000000400418763546241021000000000800023700000  000000000000000000000000000000000000000000000000000000000000000000000000000000000000000000000000000000000000000000000                          1600000000                                                                  000030
1021903727600017200000260206200016896                         0000000040043120999P000000000000000000000000061024122126/40043120000000040043120999P241021000000000800023700000  000000000000000000000000000000000000000000000000000000000000000000000000000000000000000000000000000000000000000000000                          1600000000                                                                  000031
1021903727600017200000260206200016896                         00000000400443644322000000000000000000000000061024122126/400443600000000400443644322241021000000000800023700000  000000000000000000000000000000000000000000000000000000000000000000000000000000000000000000000000000000000000000000000                          1600000000                                                                  000032
1021903727600017200000260206200016896                         00000000400458954190000000000000000000000000061024122126/400458900000000400458954190241021000000000800023700000  000000000000000000000000000000000000000000000000000000000000000000000000000000000000000000000000000000000000000000000                          1600000000                                                                  000033
1021903727600017200000260206200016896                         0000000040050672111P000000000000000000000000061024122126/40050670000000040050672111P241021000000000800023700000  000000000000000000000000000000000000000000000000000000000000000000000000000000000000000000000000000000000000000000000                          1600000000                                                                  000034
1021903727600017200000260206200016896                         00000000400644012162000000000000000000000000061024122126/400644000000000400644012162241021000000000800023700000  000000000000000000000000000000000000000000000000000000000000000000000000000000000000000000000000000000000000000000000                          1600000000                                                                  000035
1021903727600017200000260206200016896                         00000000400753469776000000000000000000000000061024122126/400753400000000400753469776241021000000000800023700000  000000000000000000000000000000000000000000000000000000000000000000000000000000000000000000000000000000000000000000000                          1600000000                                                                  000036
1021903727600017200000260206200016896                         0000000040095375551P000000000000000000000000061024122126/40095370000000040095375551P241021000000000800023700000  000000000000000000000000000000000000000000000000000000000000000000000000000000000000000000000000000000000000000000000                          1600000000                                                                  000037
1021903727600017200000260206200016896                         00000000400971458492000000000000000000000000061024122126/400971400000000400971458492241021000000005000023700000  000000000000000000000000000000000000000000000000000000000000000000000000000000000000000000000000000000000000000000000                          1600000000                                                                  000038
1021903727600017200000260206200016896                         00000000600122314206000000000000000000000000061024122126/600122300000000600122314206241021000000000269923700000  000000000000000000000000000000000000000000000000000000000000000000000000000000000000000000000000000000000000000000000                          1600000000                                                                  000039
1021903727600017200000260206200016896                         00000000600440206129000000000000000000000000061024122126/600440200000000600440206129241021000000002000023700000  000000000000000000000000000000000000000000000000000000000000000000000000000000000000000000000000000000000000000000000                          1600000000                                                                  000040
9201237          000003460000000915611900000836          00015000001807566000000250513000070000002505130001700000019577500000000000000000000000000000000000000000000000000000000000000000000                                                                                                                                                                              00000000000000000000000         000041
