02RETORNO01COBRANCA       00000000000005034448E-PREPAG ADMINISTRADORA DE CAR237BRADESCO       2404230160000001167                                                                                                                                                                                                                                                                          250423         000001
1021903727600017200000260206200016896                         00000000200404925609000000000000000000000000060224042326/200404900000000200404925609250423000000000189923704428  000000000008200000000000000000000000000000000000000000000000000000000000000000000000000000000000000000000000000000000                          0000000000                                                                  000002
1021903727600017200000260206200016896                         00000000200581243119000000000000000000000000060224042326/200581200000000200581243119250423000000001900023704152  000000000008200000000000000000000000000000000000000000000000000000000000000000000000000000000000000000000000000000000                          0000000000                                                                  000003
1021903727600017200000260206200016896                         00000000200629649708000000000000000000000000060224042326/200629600000000200629649708270423000000000479323704151  000000000008200000000000000000000000000000000000000000000000000000000000000000000000000000000000000000000000000000000                          0000000000                                                                  000004
1021903727600017200000260206200016896                         00000000200651213212000000000000000000000000060224042326/200651200000000200651213212250423000000000322923704143  000000000008200000000000000000000000000000000000000000000000000000000000000000000000000000000000000000000000000000000                          0000000000                                                                  000005
1021903727600017200000260206200016896                         00000000200698005200000000000000000000000000060224042326/200698000000000200698005200270423000000000200623704159  000000000008200000000000000000000000000000000000000000000000000000000000000000000000000000000000000000000000000000000                          0000000000                                                                  000006
1021903727600017200000260206200016896                         00000000200730966048000000000000000000000000060224042326/200730900000000200730966048270423000000001359923704159  000000000008200000000000000000000000000000000000000000000000000000000000000000000000000000000000000000000000000000000                          7600000000                                                                  000007
1021903727600017200000260206200016896                         00000000400047415418000000000000000000000000060224042326/400047400000000400047415418270423000000000800023704159  000000000008200000000000000000000000000000000000000000000000000000000000000000000000000000000000000000000000000000000                          0000000000                                                                  000008
1021903727600017200000260206200016896                         00000000400105908160000000000000000000000000060224042326/400105900000000400105908160270423000000000800023704159  000000000008200000000000000000000000000000000000000000000000000000000000000000000000000000000000000000000000000000000                          0000000000                                                                  000009
1021903727600017200000260206200016896                         00000000400124423763000000000000000000000000060224042326/400124400000000400124423763270423000000000800023704159  000000000008200000000000000000000000000000000000000000000000000000000000000000000000000000000000000000000000000000000                          0000000000                                                                  000010
1021903727600017200000260206200016896                         00000000400188276217000000000000000000000000060224042326/400188200000000400188276217270423000000000800023700320  000000000008200000000000000000000000000000000000000000000000000000000000000000000000000000000000000000000000000000000                          0000000000                                                                  000011
1021903727600017200000260206200016896                         00000000400206516891000000000000000000000000060224042326/400206500000000400206516891270423000000000800023704159  000000000008200000000000000000000000000000000000000000000000000000000000000000000000000000000000000000000000000000000                          0000000000                                                                  000012
1021903727600017200000260206200016896                         00000000400334900300000000000000000000000000060224042326/400334900000000400334900300240423000000000800023704159  000000000008200000000000000000000000000000000000000000000000000000000000000000000000000000000000000000000000000000000                          0000000000                                                                  000013
1021903727600017200000260206200016896                         00000000400347680911000000000000000000000000060224042326/400347600000000400347680911270423000000000800023704159  000000000008200000000000000000000000000000000000000000000000000000000000000000000000000000000000000000000000000000000                          0000000000                                                                  000014
1021903727600017200000260206200016896                         00000000400424961791000000000000000000000000060224042326/400424900000000400424961791270423000000000800023704159  000000000008200000000000000000000000000000000000000000000000000000000000000000000000000000000000000000000000000000000                          0000000000                                                                  000015
1021903727600017200000260206200016896                         00000000400481687035000000000000000000000000060224042326/400481600000000400481687035270423000000001500023700140  000000000008200000000000000000000000000000000000000000000000000000000000000000000000000000000000000000000000000000000                          0000000000                                                                  000016
1021903727600017200000260206200016896                         00000000400563967303000000000000000000000000060224042326/400563900000000400563967303270423000000000800023704159  000000000008200000000000000000000000000000000000000000000000000000000000000000000000000000000000000000000000000000000                          0000000000                                                                  000017
1021903727600017200000260206200016896                         0000000040070814405P000000000000000000000000060224042326/40070810000000040070814405P240423000000001760023703109  000000000008200000000000000000000000000000000000000000000000000000000000000000000000000000000000000000000000000000000                          0000000000                                                                  000018
1021903727600017200000260206200016896                         00000000400712981934000000000000000000000000060224042326/400712900000000400712981934270423000000000800023704159  000000000008200000000000000000000000000000000000000000000000000000000000000000000000000000000000000000000000000000000                          0000000000                                                                  000019
1021903727600017200000260206200016896                         00000000400771561957000000000000000000000000060224042326/400771500000000400771561957250423000000001100023704424  000000000008200000000000000000000000000000000000000000000000000000000000000000000000000000000000000000000000000000000                          0000000000                                                                  000020
1021903727600017200000260206200016896                         00000000400961721292000000000000000000000000060224042326/400961700000000400961721292270423000000000800023704159  000000000008200000000000000000000000000000000000000000000000000000000000000000000000000000000000000000000000000000000                          0000000000                                                                  000021
1021903727600017200000260206200016896                         0000000040099513633P000000000000000000000000060224042326/40099510000000040099513633P270423000000099000023704151  000000000008200000000000000000000000000000000000000000000000000000000000000000000000000000000000000000000000000000000                          7600000000                                                                  000022
1021903727600017200000260206200016896                         00000000200404925609000000000000000000000000060624042326/200404900000000200404925609250423000000000189926000001  000000000000000000000000000000000000000000000000000000000000000000000000000000000000000189900000000000000000000000000   250423             00000000000000                                                                  000023
1021903727600017200000260206200016896                         00000000200581243119000000000000000000000000060624042326/200581200000000200581243119250423000000001900010402871  000000000000000000000000000000000000000000000000000000000000000000000000000000000000001900000000000000000000000000000   250423             00000000000000                                                                  000024
1021903727600017200000260206200016896                         00000000200651213212000000000000000000000000060624042326/200651200000000200651213212250423000000000322908501123  000000000000000000000000000000000000000000000000000000000000000000000000000000000000000322900000000000000000000000000   250423             00000000000000                                                                  000025
1021903727600017200000260206200016896                         00000000400047415418000000000000000000000000060624042326/400047400000000400047415418270423000000000800065500001  000000000000000000000000000000000000000000000000000000000000000000000000000000000000000800000000000000000000000000000   250423             00000000000000                                                                  000026
1021903727600017200000260206200016896                         00000000400105908160000000000000000000000000060624042326/400105900000000400105908160270423000000000800065500001  000000000000000000000000000000000000000000000000000000000000000000000000000000000000000800000000000000000000000000000   250423             00000000000000                                                                  000027
1021903727600017200000260206200016896                         00000000400124423763000000000000000000000000060624042326/400124400000000400124423763270423000000000800065500001  000000000000000000000000000000000000000000000000000000000000000000000000000000000000000800000000000000000000000000000   250423             00000000000000                                                                  000028
1021903727600017200000260206200016896                         00000000400206516891000000000000000000000000060624042326/400206500000000400206516891270423000000000800065500001  000000000000000000000000000000000000000000000000000000000000000000000000000000000000000800000000000000000000000000000   250423             00000000000000                                                                  000029
1021903727600017200000260206200016896                         00000000400347680911000000000000000000000000060624042326/400347600000000400347680911270423000000000800065500001  000000000000000000000000000000000000000000000000000000000000000000000000000000000000000800000000000000000000000000000   250423             00000000000000                                                                  000030
1021903727600017200000260206200016896                         00000000400424961791000000000000000000000000060624042326/400424900000000400424961791270423000000000800065500001  000000000000000000000000000000000000000000000000000000000000000000000000000000000000000800000000000000000000000000000   250423             00000000000000                                                                  000031
1021903727600017200000260206200016896                         00000000400481687035000000000000000000000000060624042326/400481600000000400481687035270423000000001500075604327  000000000000000000000000000000000000000000000000000000000000000000000000000000000000001500000000000000000000000000000   250423             00000000000000                                                                  000032
1021903727600017200000260206200016896                         00000000400563967303000000000000000000000000060624042326/400563900000000400563967303270423000000000800065500001  000000000000000000000000000000000000000000000000000000000000000000000000000000000000000800000000000000000000000000000   250423             00000000000000                                                                  000033
1021903727600017200000260206200016896                         0000000040070814405P000000000000000000000000060624042326/40070810000000040070814405P240423000000001760063300001  000000000000000000000000000000000000000000000000000000000000000000000000000000000000001760000000000000000000000000000   250423             00000000000000                                                                  000034
1021903727600017200000260206200016896                         00000000400961721292000000000000000000000000060624042326/400961700000000400961721292270423000000000800065500001  000000000000000000000000000000000000000000000000000000000000000000000000000000000000000800000000000000000000000000000   250423             00000000000000                                                                  000035
1021903727600017200000260206200016896                         0000000040099513633P000000000000000000000000060624042326/40099510000000040099513633P270423000000099000063300001  000000000000000000000000000000000000000000000000000000000000000000000000000000000000099000000000000000000000000000000   250423             00000000000000                                                                  000036
1021903727600017200000260206200016896                         00000000200286716161000000000000000000000000061024042326/200286700000000200286716161220223000000000620623700000  000000000000000000000000000000000000000000000000000000000000000000000000000000000000000000000000000000000000000000000                          1600000000                                                                  000037
1021903727600017200000260206200016896                         00000000200684818144000000000000000000000000061024042326/200684800000000200684818144220223000000001318323700000  000000000000000000000000000000000000000000000000000000000000000000000000000000000000000000000000000000000000000000000                          1600000000                                                                  000038
1021903727600017200000260206200016896                         0000000020087398604P000000000000000000000000061024042326/20087390000000020087398604P210223000000001702123700000  000000000000000000000000000000000000000000000000000000000000000000000000000000000000000000000000000000000000000000000                          1600000000                                                                  000039
1021903727600017200000260206200016896                         0000000040087880402P000000000000000000000000061024042326/40087880000000040087880402P210223000000000800023700000  000000000000000000000000000000000000000000000000000000000000000000000000000000000000000000000000000000000000000000000                          1600000000                                                                  000040
9201237          000000620000000075573600001167          00021000001166126000001110728000140000011107280000400000004441000000000000000000000000000000000000000000000000000000000000000000000                                                                                                                                                                              00000000000000000000000         000041
