02RETORNO01COBRANCA       00000000000005034448E-PREPAG ADMINISTRADORA DE CAR237BRADESCO       2408210160000000752                                                                                                                                                                                                                                                                          250821         000001
1021903727600017200000260206200016896                         00000000100031121445000000000000000000000000060224082126/100031100000000100031121445240821000000002790023704436  000000000008200000000000000000000000000000000000000000000000000000000000000000000000000000000000000000000000000000000                          0000000000                                                                  000002
1021903727600017200000260206200016896                         00000000100031144917000000000000000000000000060224082126/100031100000000100031144917240821000000000441023704151  000000000008200000000000000000000000000000000000000000000000000000000000000000000000000000000000000000000000000000000                          0000000000                                                                  000003
1021903727600017200000260206200016896                         0000000020050572938P000000000000000000000000060224082126/20050570000000020050572938P270821000000000700023704400  000000000008200000000000000000000000000000000000000000000000000000000000000000000000000000000000000000000000000000000                          0000000000                                                                  000004
1021903727600017200000260206200016896                         00000000200540073519000000000000000000000000060224082126/200540000000000200540073519270821000000001075723704152  000000000008200000000000000000000000000000000000000000000000000000000000000000000000000000000000000000000000000000000                          7600000000                                                                  000005
1021903727600017200000260206200016896                         00000000400009257566000000000000000000000000060224082126/400009200000000400009257566270821000000000800023704452  000000000008200000000000000000000000000000000000000000000000000000000000000000000000000000000000000000000000000000000                          0000000000                                                                  000006
1021903727600017200000260206200016896                         00000000400023524003000000000000000000000000060224082126/400023500000000400023524003270821000000000800023704452  000000000008200000000000000000000000000000000000000000000000000000000000000000000000000000000000000000000000000000000                          0000000000                                                                  000007
1021903727600017200000260206200016896                         00000000400034474857000000000000000000000000060224082126/400034400000000400034474857270821000000001500023704400  000000000008200000000000000000000000000000000000000000000000000000000000000000000000000000000000000000000000000000000                          7600000000                                                                  000008
1021903727600017200000260206200016896                         00000000400104029961000000000000000000000000060224082126/400104000000000400104029961270821000000003500023704144  000000000008200000000000000000000000000000000000000000000000000000000000000000000000000000000000000000000000000000000                          0000000000                                                                  000009
1021903727600017200000260206200016896                         00000000400111997949000000000000000000000000060224082126/400111900000000400111997949270821000000000800023704159  000000000008200000000000000000000000000000000000000000000000000000000000000000000000000000000000000000000000000000000                          0000000000                                                                  000010
1021903727600017200000260206200016896                         00000000400131711960000000000000000000000000060224082126/400131700000000400131711960270821000000002460023704452  000000000000000000000000000000000000000000000000000000000000000000000000000000000000000000000000000000000000000000000                          7600000000                                                                  000011
1021903727600017200000260206200016896                         00000000400146460433000000000000000000000000060224082126/400146400000000400146460433270821000000001500023700320  000000000008200000000000000000000000000000000000000000000000000000000000000000000000000000000000000000000000000000000                          0000000000                                                                  000012
1021903727600017200000260206200016896                         00000000400176113215000000000000000000000000060224082126/400176100000000400176113215270821000000000800023704159  000000000008200000000000000000000000000000000000000000000000000000000000000000000000000000000000000000000000000000000                          0000000000                                                                  000013
1021903727600017200000260206200016896                         00000000400181705430000000000000000000000000060224082126/400181700000000400181705430270821000000010040023704143  000000000008200000000000000000000000000000000000000000000000000000000000000000000000000000000000000000000000000000000                          0000000000                                                                  000014
1021903727600017200000260206200016896                         00000000400182816317000000000000000000000000060224082126/400182800000000400182816317270821000000013000023704157  000000000008200000000000000000000000000000000000000000000000000000000000000000000000000000000000000000000000000000000                          0000000000                                                                  000015
1021903727600017200000260206200016896                         00000000400190389908000000000000000000000000060224082126/400190300000000400190389908270821000000006000023704143  000000000008200000000000000000000000000000000000000000000000000000000000000000000000000000000000000000000000000000000                          0000000000                                                                  000016
1021903727600017200000260206200016896                         0000000040020450487P000000000000000000000000060224082126/40020450000000040020450487P270821000000008000023704157  000000000008200000000000000000000000000000000000000000000000000000000000000000000000000000000000000000000000000000000                          0000000000                                                                  000017
1021903727600017200000260206200016896                         00000000400227368566000000000000000000000000060224082126/400227300000000400227368566270821000000003000023704143  000000000008200000000000000000000000000000000000000000000000000000000000000000000000000000000000000000000000000000000                          0000000000                                                                  000018
1021903727600017200000260206200016896                         00000000400233973307000000000000000000000000060224082126/400233900000000400233973307270821000000006000023704143  000000000008200000000000000000000000000000000000000000000000000000000000000000000000000000000000000000000000000000000                          0000000000                                                                  000019
1021903727600017200000260206200016896                         00000000400256980645000000000000000000000000060224082126/400256900000000400256980645270821000000000800023704159  000000000008200000000000000000000000000000000000000000000000000000000000000000000000000000000000000000000000000000000                          0000000000                                                                  000020
1021903727600017200000260206200016896                         00000000400271492924000000000000000000000000060224082126/400271400000000400271492924270821000000002500023704424  000000000008200000000000000000000000000000000000000000000000000000000000000000000000000000000000000000000000000000000                          0000000000                                                                  000021
1021903727600017200000260206200016896                         00000000400277271482000000000000000000000000060224082126/400277200000000400277271482270821000000005320023704158  000000000008200000000000000000000000000000000000000000000000000000000000000000000000000000000000000000000000000000000                          0000000000                                                                  000022
1021903727600017200000260206200016896                         00000000400296741287000000000000000000000000060224082126/400296700000000400296741287270821000000001560023700140  000000000008200000000000000000000000000000000000000000000000000000000000000000000000000000000000000000000000000000000                          0000000000                                                                  000023
1021903727600017200000260206200016896                         00000000400301799663000000000000000000000000060224082126/400301700000000400301799663270821000000001600023704422  000000000008200000000000000000000000000000000000000000000000000000000000000000000000000000000000000000000000000000000                          0000000000                                                                  000024
1021903727600017200000260206200016896                         00000000400311371211000000000000000000000000060224082126/400311300000000400311371211270821000000000800023704159  000000000008200000000000000000000000000000000000000000000000000000000000000000000000000000000000000000000000000000000                          0000000000                                                                  000025
1021903727600017200000260206200016896                         0000000040032095968P000000000000000000000000060224082126/40032090000000040032095968P270821000000000800023704452  000000000008200000000000000000000000000000000000000000000000000000000000000000000000000000000000000000000000000000000                          0000000000                                                                  000026
1021903727600017200000260206200016896                         00000000400321113717000000000000000000000000060224082126/400321100000000400321113717270821000000000800023704452  000000000008200000000000000000000000000000000000000000000000000000000000000000000000000000000000000000000000000000000                          0000000000                                                                  000027
1021903727600017200000260206200016896                         00000000400324228949000000000000000000000000060224082126/400324200000000400324228949270821000000012000023704154  000000000008200000000000000000000000000000000000000000000000000000000000000000000000000000000000000000000000000000000                          0000000000                                                                  000028
1021903727600017200000260206200016896                         00000000400330161007000000000000000000000000060224082126/400330100000000400330161007270821000000005500023702062  000000000008200000000000000000000000000000000000000000000000000000000000000000000000000000000000000000000000000000000                          0000000000                                                                  000029
1021903727600017200000260206200016896                         00000000400343069428000000000000000000000000060224082126/400343000000000400343069428270821000000000800023704151  000000000008200000000000000000000000000000000000000000000000000000000000000000000000000000000000000000000000000000000                          0000000000                                                                  000030
1021903727600017200000260206200016896                         00000000400352773111000000000000000000000000060224082126/400352700000000400352773111270821000000000800023700321  000000000008200000000000000000000000000000000000000000000000000000000000000000000000000000000000000000000000000000000                          0000000000                                                                  000031
1021903727600017200000260206200016896                         00000000400354414798000000000000000000000000060224082126/400354400000000400354414798270821000000005000023704159  000000000000000000000000000000000000000000000000000000000000000000000000000000000000000000000000000000000000000000000                          7600000000                                                                  000032
1021903727600017200000260206200016896                         00000000400358143152000000000000000000000000060224082126/400358100000000400358143152270821000000000800023700321  000000000008200000000000000000000000000000000000000000000000000000000000000000000000000000000000000000000000000000000                          0000000000                                                                  000033
1021903727600017200000260206200016896                         00000000400376699370000000000000000000000000060224082126/400376600000000400376699370270821000000012000023703109  000000000008200000000000000000000000000000000000000000000000000000000000000000000000000000000000000000000000000000000                          0000000000                                                                  000034
1021903727600017200000260206200016896                         00000000400387498369000000000000000000000000060224082126/400387400000000400387498369270821000000000800023700321  000000000008200000000000000000000000000000000000000000000000000000000000000000000000000000000000000000000000000000000                          0000000000                                                                  000035
1021903727600017200000260206200016896                         00000000400395474703000000000000000000000000060224082126/400395400000000400395474703270821000000001020023704422  000000000008200000000000000000000000000000000000000000000000000000000000000000000000000000000000000000000000000000000                          0000000000                                                                  000036
1021903727600017200000260206200016896                         00000000400418364153000000000000000000000000060224082126/400418300000000400418364153270821000000000800023704159  000000000008200000000000000000000000000000000000000000000000000000000000000000000000000000000000000000000000000000000                          0000000000                                                                  000037
1021903727600017200000260206200016896                         00000000400433791432000000000000000000000000060224082126/400433700000000400433791432270821000000000950023704143  000000000008200000000000000000000000000000000000000000000000000000000000000000000000000000000000000000000000000000000                          0000000000                                                                  000038
1021903727600017200000260206200016896                         00000000400438329257000000000000000000000000060224082126/400438300000000400438329257270821000000002880023704158  000000000008200000000000000000000000000000000000000000000000000000000000000000000000000000000000000000000000000000000                          0000000000                                                                  000039
1021903727600017200000260206200016896                         00000000400438862699000000000000000000000000060224082126/400438800000000400438862699270821000000001500023700320  000000000008200000000000000000000000000000000000000000000000000000000000000000000000000000000000000000000000000000000                          0000000000                                                                  000040
1021903727600017200000260206200016896                         00000000400442964196000000000000000000000000060224082126/400442900000000400442964196270821000000020000023700321  000000000008200000000000000000000000000000000000000000000000000000000000000000000000000000000000000000000000000000000                          0000000000                                                                  000041
1021903727600017200000260206200016896                         00000000400461240034000000000000000000000000060224082126/400461200000000400461240034270821000000000800023704159  000000000008200000000000000000000000000000000000000000000000000000000000000000000000000000000000000000000000000000000                          0000000000                                                                  000042
1021903727600017200000260206200016896                         00000000400489820346000000000000000000000000060224082126/400489800000000400489820346270821000000000800023704159  000000000008200000000000000000000000000000000000000000000000000000000000000000000000000000000000000000000000000000000                          0000000000                                                                  000043
1021903727600017200000260206200016896                         00000000400496694739000000000000000000000000060224082126/400496600000000400496694739270821000000000900023700435  000000000008200000000000000000000000000000000000000000000000000000000000000000000000000000000000000000000000000000000                          0000000000                                                                  000044
1021903727600017200000260206200016896                         00000000400509523440000000000000000000000000060224082126/400509500000000400509523440270821000000000890023704158  000000000008200000000000000000000000000000000000000000000000000000000000000000000000000000000000000000000000000000000                          0000000000                                                                  000045
1021903727600017200000260206200016896                         00000000400591236810000000000000000000000000060224082126/400591200000000400591236810270821000000001500023704426  000000000008200000000000000000000000000000000000000000000000000000000000000000000000000000000000000000000000000000000                          0000000000                                                                  000046
1021903727600017200000260206200016896                         00000000400600681296000000000000000000000000060224082126/400600600000000400600681296270821000000001500023704143  000000000008200000000000000000000000000000000000000000000000000000000000000000000000000000000000000000000000000000000                          0000000000                                                                  000047
1021903727600017200000260206200016896                         00000000400604646940000000000000000000000000060224082126/400604600000000400604646940270821000000099000023704151  000000000008200000000000000000000000000000000000000000000000000000000000000000000000000000000000000000000000000000000                          7600000000                                                                  000048
1021903727600017200000260206200016896                         00000000400612050151000000000000000000000000060224082126/400612000000000400612050151270821000000000800023704159  000000000000000000000000000000000000000000000000000000000000000000000000000000000000000000000000000000000000000000000                          0000000000                                                                  000049
1021903727600017200000260206200016896                         00000000400651129725000000000000000000000000060224082126/400651100000000400651129725270821000000012000023704151  000000000008200000000000000000000000000000000000000000000000000000000000000000000000000000000000000000000000000000000                          0000000000                                                                  000050
1021903727600017200000260206200016896                         00000000400671718123000000000000000000000000060224082126/400671700000000400671718123270821000000002500023704426  000000000008200000000000000000000000000000000000000000000000000000000000000000000000000000000000000000000000000000000                          7600000000                                                                  000051
1021903727600017200000260206200016896                         00000000400689604311000000000000000000000000060224082126/400689600000000400689604311270821000000008000023700153  000000000008200000000000000000000000000000000000000000000000000000000000000000000000000000000000000000000000000000000                          0000000000                                                                  000052
1021903727600017200000260206200016896                         00000000400720715208000000000000000000000000060224082126/400720700000000400720715208270821000000004500023704143  000000000008200000000000000000000000000000000000000000000000000000000000000000000000000000000000000000000000000000000                          0000000000                                                                  000053
1021903727600017200000260206200016896                         00000000400725912443000000000000000000000000060224082126/400725900000000400725912443270821000000001000023704426  000000000008200000000000000000000000000000000000000000000000000000000000000000000000000000000000000000000000000000000                          0000000000                                                                  000054
1021903727600017200000260206200016896                         00000000400752099991000000000000000000000000060224082126/400752000000000400752099991270821000000000800023700320  000000000000000000000000000000000000000000000000000000000000000000000000000000000000000000000000000000000000000000000                          0000000000                                                                  000055
1021903727600017200000260206200016896                         00000000400761572179000000000000000000000000060224082126/400761500000000400761572179270821000000000800023704159  000000000008200000000000000000000000000000000000000000000000000000000000000000000000000000000000000000000000000000000                          0000000000                                                                  000056
1021903727600017200000260206200016896                         00000000400785604268000000000000000000000000060224082126/400785600000000400785604268270821000000000800023704159  000000000008200000000000000000000000000000000000000000000000000000000000000000000000000000000000000000000000000000000                          0000000000                                                                  000057
1021903727600017200000260206200016896                         00000000400786205499000000000000000000000000060224082126/400786200000000400786205499270821000000000800023704159  000000000008200000000000000000000000000000000000000000000000000000000000000000000000000000000000000000000000000000000                          0000000000                                                                  000058
1021903727600017200000260206200016896                         00000000400832864532000000000000000000000000060224082126/400832800000000400832864532270821000000000800023702062  000000000008200000000000000000000000000000000000000000000000000000000000000000000000000000000000000000000000000000000                          0000000000                                                                  000059
1021903727600017200000260206200016896                         00000000400839598781000000000000000000000000060224082126/400839500000000400839598781270821000000005000023700320  000000000008200000000000000000000000000000000000000000000000000000000000000000000000000000000000000000000000000000000                          0000000000                                                                  000060
1021903727600017200000260206200016896                         00000000400840454041000000000000000000000000060224082126/400840400000000400840454041270821000000000800023704159  000000000008200000000000000000000000000000000000000000000000000000000000000000000000000000000000000000000000000000000                          0000000000                                                                  000061
1021903727600017200000260206200016896                         00000000400845218346000000000000000000000000060224082126/400845200000000400845218346270821000000002630023702062  000000000008200000000000000000000000000000000000000000000000000000000000000000000000000000000000000000000000000000000                          0000000000                                                                  000062
1021903727600017200000260206200016896                         00000000400847673792000000000000000000000000060224082126/400847600000000400847673792270821000000000800023704159  000000000008200000000000000000000000000000000000000000000000000000000000000000000000000000000000000000000000000000000                          0000000000                                                                  000063
1021903727600017200000260206200016896                         00000000400861368056000000000000000000000000060224082126/400861300000000400861368056270821000000000800023704159  000000000008200000000000000000000000000000000000000000000000000000000000000000000000000000000000000000000000000000000                          0000000000                                                                  000064
1021903727600017200000260206200016896                         00000000400877518627000000000000000000000000060224082126/400877500000000400877518627270821000000020000023700321  000000000008200000000000000000000000000000000000000000000000000000000000000000000000000000000000000000000000000000000                          0000000000                                                                  000065
1021903727600017200000260206200016896                         00000000400877914867000000000000000000000000060224082126/400877900000000400877914867270821000000000800023704159  000000000008200000000000000000000000000000000000000000000000000000000000000000000000000000000000000000000000000000000                          0000000000                                                                  000066
1021903727600017200000260206200016896                         00000000400880334464000000000000000000000000060224082126/400880300000000400880334464270821000000020000023700321  000000000008200000000000000000000000000000000000000000000000000000000000000000000000000000000000000000000000000000000                          0000000000                                                                  000067
1021903727600017200000260206200016896                         0000000040090082580P000000000000000000000000060224082126/40090080000000040090082580P270821000000000800023704144  000000000008200000000000000000000000000000000000000000000000000000000000000000000000000000000000000000000000000000000                          0000000000                                                                  000068
1021903727600017200000260206200016896                         00000000400928567741000000000000000000000000060224082126/400928500000000400928567741270821000000004000023704152  000000000008200000000000000000000000000000000000000000000000000000000000000000000000000000000000000000000000000000000                          0000000000                                                                  000069
1021903727600017200000260206200016896                         00000000400944267022000000000000000000000000060224082126/400944200000000400944267022270821000000000800023704159  000000000008200000000000000000000000000000000000000000000000000000000000000000000000000000000000000000000000000000000                          0000000000                                                                  000070
1021903727600017200000260206200016896                         00000000400966830553000000000000000000000000060224082126/400966800000000400966830553270821000000004200023700321  000000000000000000000000000000000000000000000000000000000000000000000000000000000000000000000000000000000000000000000                          0000000000                                                                  000071
1021903727600017200000260206200016896                         00000000400979065481000000000000000000000000060224082126/400979000000000400979065481270821000000001500023704424  000000000008200000000000000000000000000000000000000000000000000000000000000000000000000000000000000000000000000000000                          0000000000                                                                  000072
1021903727600017200000260206200016896                         00000000600627549909000000000000000000000000060224082126/600627500000000600627549909270821000000001400023704424  000000000008200000000000000000000000000000000000000000000000000000000000000000000000000000000000000000000000000000000                          0000000000                                                                  000073
1021903727600017200000260206200016896                         00000000600864082985000000000000000000000000060224082126/600864000000000600864082985270821000000000319923704159  000000000008200000000000000000000000000000000000000000000000000000000000000000000000000000000000000000000000000000000                          0000000000                                                                  000074
1021903727600017200000260206200016896                         00000000100031121445000000000000000000000000060624082126/100031100000000100031121445240821000000002790063300001  000000000000000000000000000000000000000000000000000000000000000000000000000000000000002790000000000000000000000000000   250821             00000000000000                                                                  000075
1021903727600017200000260206200016896                         00000000100031144917000000000000000000000000060624082126/100031100000000100031144917240821000000000441000103567  000000000000000000000000000000000000000000000000000000000000000000000000000000000000000441000000000000000000000000000   250821             00000000000000                                                                  000076
1021903727600017200000260206200016896                         00000000400009257566000000000000000000000000060624082126/400009200000000400009257566270821000000000800026000001  000000000000000000000000000000000000000000000000000000000000000000000000000000000000000800000000000000000000000000000   250821             00000000000000                                                                  000077
1021903727600017200000260206200016896                         00000000400023524003000000000000000000000000060624082126/400023500000000400023524003270821000000000800075604327  000000000000000000000000000000000000000000000000000000000000000000000000000000000000000800000000000000000000000000000   250821             00000000000000                                                                  000078
1021903727600017200000260206200016896                         00000000400034474857000000000000000000000000060624082126/400034400000000400034474857270821000000001500010403880  000000000000000000000000000000000000000000000000000000000000000000000000000000000000001500000000000000000000000000000   250821             00000000000000                                                                  000079
1021903727600017200000260206200016896                         00000000400104029961000000000000000000000000060624082126/400104000000000400104029961270821000000003500065500001  000000000000000000000000000000000000000000000000000000000000000000000000000000000000003500000000000000000000000000000   250821             00000000000000                                                                  000080
1021903727600017200000260206200016896                         00000000400111997949000000000000000000000000060624082126/400111900000000400111997949270821000000000800065500001  000000000000000000000000000000000000000000000000000000000000000000000000000000000000000800000000000000000000000000000   250821             00000000000000                                                                  000081
1021903727600017200000260206200016896                         00000000400146460433000000000000000000000000060624082126/400146400000000400146460433270821000000001500010403898  000000000000000000000000000000000000000000000000000000000000000000000000000000000000001500000000000000000000000000000   250821             00000000000000                                                                  000082
1021903727600017200000260206200016896                         00000000400176113215000000000000000000000000060624082126/400176100000000400176113215270821000000000800065500001  000000000000000000000000000000000000000000000000000000000000000000000000000000000000000800000000000000000000000000000   250821             00000000000000                                                                  000083
1021903727600017200000260206200016896                         00000000400182816317000000000000000000000000060624082126/400182800000000400182816317270821000000013000010400389  000000000000000000000000000000000000000000000000000000000000000000000000000000000000013000000000000000000000000000000   250821             00000000000000                                                                  000084
1021903727600017200000260206200016896                         00000000400190389908000000000000000000000000060624082126/400190300000000400190389908270821000000006000010403130  000000000000000000000000000000000000000000000000000000000000000000000000000000000000006000000000000000000000000000000   250821             00000000000000                                                                  000085
1021903727600017200000260206200016896                         0000000040020450487P000000000000000000000000060624082126/40020450000000040020450487P270821000000008000023703929  000000000000000000000000000000000000000000000000000000000000000000000000000000000000008000000000000000000000000000000   250821             00000000000000                                                                  000086
1021903727600017200000260206200016896                         00000000400209735497000000000000000000000000060624082126/400209700000000400209735497240821000000005670010400422  000000000000000000000000000000000000000000000000000000000000000000000000000000000000005670000000000000000000000000000   250821             00000000000000                                                                  000087
1021903727600017200000260206200016896                         00000000400227368566000000000000000000000000060624082126/400227300000000400227368566270821000000003000010400627  000000000000000000000000000000000000000000000000000000000000000000000000000000000000003000000000000000000000000000000   250821             00000000000000                                                                  000088
1021903727600017200000260206200016896                         00000000400245810446000000000000000000000000060624082126/400245800000000400245810446260821000000000800021200001  000000000000000000000000000000000000000000000000000000000000000000000000000000000000000800000000000000000000000000000   250821             00000000000000                                                                  000089
1021903727600017200000260206200016896                         00000000400247086583000000000000000000000000060624082126/400247000000000400247086583240821000000000800010400737  000000000000000000000000000000000000000000000000000000000000000000000000000000000000000800000000000000000000000000000   250821             00000000000000                                                                  000090
1021903727600017200000260206200016896                         00000000400256980645000000000000000000000000060624082126/400256900000000400256980645270821000000000800065500001  000000000000000000000000000000000000000000000000000000000000000000000000000000000000000800000000000000000000000000000   250821             00000000000000                                                                  000091
1021903727600017200000260206200016896                         00000000400271492924000000000000000000000000060624082126/400271400000000400271492924270821000000002500010403880  000000000000000000000000000000000000000000000000000000000000000000000000000000000000002500000000000000000000000000000   250821             00000000000000                                                                  000092
1021903727600017200000260206200016896                         00000000400277271482000000000000000000000000060624082126/400277200000000400277271482270821000000005320010400422  000000000000000000000000000000000000000000000000000000000000000000000000000000000000005320000000000000000000000000000   250821             00000000000000                                                                  000093
1021903727600017200000260206200016896                         00000000400296741287000000000000000000000000060624082126/400296700000000400296741287270821000000001560007000264  000000000000000000000000000000000000000000000000000000000000000000000000000000000000001560000000000000000000000000000   250821             00000000000000                                                                  000094
1021903727600017200000260206200016896                         00000000400301799663000000000000000000000000060624082126/400301700000000400301799663270821000000001600010404342  000000000000000000000000000000000000000000000000000000000000000000000000000000000000001600000000000000000000000000000   250821             00000000000000                                                                  000095
1021903727600017200000260206200016896                         00000000400311371211000000000000000000000000060624082126/400311300000000400311371211270821000000000800065500001  000000000000000000000000000000000000000000000000000000000000000000000000000000000000000800000000000000000000000000000   250821             00000000000000                                                                  000096
1021903727600017200000260206200016896                         00000000400321113717000000000000000000000000060624082126/400321100000000400321113717270821000000000800075604327  000000000000000000000000000000000000000000000000000000000000000000000000000000000000000800000000000000000000000000000   250821             00000000000000                                                                  000097
1021903727600017200000260206200016896                         00000000400330161007000000000000000000000000060624082126/400330100000000400330161007270821000000005500010401911  000000000000000000000000000000000000000000000000000000000000000000000000000000000000005500000000000000000000000000000   250821             00000000000000                                                                  000098
1021903727600017200000260206200016896                         00000000400343069428000000000000000000000000060624082126/400343000000000400343069428270821000000000800010401187  000000000000000000000000000000000000000000000000000000000000000000000000000000000000000800000000000000000000000000000   250821             00000000000000                                                                  000099
1021903727600017200000260206200016896                         00000000400352773111000000000000000000000000060624082126/400352700000000400352773111270821000000000800065500001  000000000000000000000000000000000000000000000000000000000000000000000000000000000000000800000000000000000000000000000   250821             00000000000000                                                                  000100
1021903727600017200000260206200016896                         00000000400358143152000000000000000000000000060624082126/400358100000000400358143152270821000000000800065500001  000000000000000000000000000000000000000000000000000000000000000000000000000000000000000800000000000000000000000000000   250821             00000000000000                                                                  000101
1021903727600017200000260206200016896                         00000000400376699370000000000000000000000000060624082126/400376600000000400376699370270821000000012000023701514  000000000000000000000000000000000000000000000000000000000000000000000000000000000000012000000000000000000000000000000   250821             00000000000000                                                                  000102
1021903727600017200000260206200016896                         00000000400389780908000000000000000000000000060624082126/400389700000000400389780908260821000000001050010401187  000000000000000000000000000000000000000000000000000000000000000000000000000000000000001050000000000000000000000000000   250821             00000000000000                                                                  000103
1021903727600017200000260206200016896                         00000000400418364153000000000000000000000000060624082126/400418300000000400418364153270821000000000800065500001  000000000000000000000000000000000000000000000000000000000000000000000000000000000000000800000000000000000000000000000   250821             00000000000000                                                                  000104
1021903727600017200000260206200016896                         00000000400425023302000000000000000000000000060624082126/400425000000000400425023302240821000000001900023705392  000000000000000000000000000000000000000000000000000000000000000000000000000000000000001900000000000000000000000000000   250821             00000000000000                                                                  000105
1021903727600017200000260206200016896                         00000000400433791432000000000000000000000000060624082126/400433700000000400433791432270821000000000950075603288  000000000000000000000000000000000000000000000000000000000000000000000000000000000000000950000000000000000000000000000   250821             00000000000000                                                                  000106
1021903727600017200000260206200016896                         00000000400438862699000000000000000000000000060624082126/400438800000000400438862699270821000000001500010403880  000000000000000000000000000000000000000000000000000000000000000000000000000000000000001500000000000000000000000000000   250821             00000000000000                                                                  000107
1021903727600017200000260206200016896                         00000000400461240034000000000000000000000000060624082126/400461200000000400461240034270821000000000800065500001  000000000000000000000000000000000000000000000000000000000000000000000000000000000000000800000000000000000000000000000   250821             00000000000000                                                                  000108
1021903727600017200000260206200016896                         00000000400489820346000000000000000000000000060624082126/400489800000000400489820346270821000000000800065500001  000000000000000000000000000000000000000000000000000000000000000000000000000000000000000800000000000000000000000000000   250821             00000000000000                                                                  000109
1021903727600017200000260206200016896                         00000000400496694739000000000000000000000000060624082126/400496600000000400496694739270821000000000900010400737  000000000000000000000000000000000000000000000000000000000000000000000000000000000000000900000000000000000000000000000   250821             00000000000000                                                                  000110
1021903727600017200000260206200016896                         00000000400509523440000000000000000000000000060624082126/400509500000000400509523440270821000000000890000102020  000000000000000000000000000000000000000000000000000000000000000000000000000000000000000890000000000000000000000000000   250821             00000000000000                                                                  000111
1021903727600017200000260206200016896                         00000000400544297984000000000000000000000000060624082126/400544200000000400544297984260821000000012000075601396  000000000000000000000000000000000000000000000000000000000000000000000000000000000000012000000000000000000000000000000   250821             00000000000000                                                                  000112
1021903727600017200000260206200016896                         00000000400600681296000000000000000000000000060624082126/400600600000000400600681296270821000000001500023702835  000000000000000000000000000000000000000000000000000000000000000000000000000000000000001500000000000000000000000000000   250821             00000000000000                                                                  000113
1021903727600017200000260206200016896                         00000000400604646940000000000000000000000000060624082126/400604600000000400604646940270821000000099000021200001  000000000000000000000000000000000000000000000000000000000000000000000000000000000000099000000000000000000000000000000   250821             00000000000000                                                                  000114
1021903727600017200000260206200016896                         00000000400626045347000000000000000000000000060624082126/400626000000000400626045347240821000000011200023703733  000000000000000000000000000000000000000000000000000000000000000000000000000000000000011200000000000000000000000000000   250821             00000000000000                                                                  000115
1021903727600017200000260206200016896                         00000000400651129725000000000000000000000000060624082126/400651100000000400651129725270821000000012000075601415  000000000000000000000000000000000000000000000000000000000000000000000000000000000000012000000000000000000000000000000   250821             00000000000000                                                                  000116
1021903727600017200000260206200016896                         00000000400671718123000000000000000000000000060624082126/400671700000000400671718123270821000000002500004100170  000000000000000000000000000000000000000000000000000000000000000000000000000000000000002500000000000000000000000000000   250821             00000000000000                                                                  000117
1021903727600017200000260206200016896                         00000000400689604311000000000000000000000000060624082126/400689600000000400689604311270821000000008000010401831  000000000000000000000000000000000000000000000000000000000000000000000000000000000000008000000000000000000000000000000   250821             00000000000000                                                                  000118
1021903727600017200000260206200016896                         00000000400720715208000000000000000000000000060624082126/400720700000000400720715208270821000000004500026000001  000000000000000000000000000000000000000000000000000000000000000000000000000000000000004500000000000000000000000000000   250821             00000000000000                                                                  000119
1021903727600017200000260206200016896                         00000000400725912443000000000000000000000000060624082126/400725900000000400725912443270821000000001000010403711  000000000000000000000000000000000000000000000000000000000000000000000000000000000000001000000000000000000000000000000   250821             00000000000000                                                                  000120
1021903727600017200000260206200016896                         00000000400761572179000000000000000000000000060624082126/400761500000000400761572179270821000000000800065500001  000000000000000000000000000000000000000000000000000000000000000000000000000000000000000800000000000000000000000000000   250821             00000000000000                                                                  000121
1021903727600017200000260206200016896                         00000000400770506928000000000000000000000000060624082126/400770500000000400770506928260821000000023540075604117  000000000000000000000000000000000000000000000000000000000000000000000000000000000000023540000000000000000000000000000   250821             00000000000000                                                                  000122
1021903727600017200000260206200016896                         00000000400785604268000000000000000000000000060624082126/400785600000000400785604268270821000000000800065500001  000000000000000000000000000000000000000000000000000000000000000000000000000000000000000800000000000000000000000000000   250821             00000000000000                                                                  000123
1021903727600017200000260206200016896                         00000000400786205499000000000000000000000000060624082126/400786200000000400786205499270821000000000800065500001  000000000000000000000000000000000000000000000000000000000000000000000000000000000000000800000000000000000000000000000   250821             00000000000000                                                                  000124
1021903727600017200000260206200016896                         00000000400832864532000000000000000000000000060624082126/400832800000000400832864532270821000000000800075604327  000000000000000000000000000000000000000000000000000000000000000000000000000000000000000800000000000000000000000000000   250821             00000000000000                                                                  000125
1021903727600017200000260206200016896                         00000000400839598781000000000000000000000000060624082126/400839500000000400839598781270821000000005000026000001  000000000000000000000000000000000000000000000000000000000000000000000000000000000000005000000000000000000000000000000   250821             00000000000000                                                                  000126
1021903727600017200000260206200016896                         00000000400840454041000000000000000000000000060624082126/400840400000000400840454041270821000000000800065500001  000000000000000000000000000000000000000000000000000000000000000000000000000000000000000800000000000000000000000000000   250821             00000000000000                                                                  000127
1021903727600017200000260206200016896                         00000000400847673792000000000000000000000000060624082126/400847600000000400847673792270821000000000800065500001  000000000000000000000000000000000000000000000000000000000000000000000000000000000000000800000000000000000000000000000   250821             00000000000000                                                                  000128
1021903727600017200000260206200016896                         00000000400861368056000000000000000000000000060624082126/400861300000000400861368056270821000000000800065500001  000000000000000000000000000000000000000000000000000000000000000000000000000000000000000800000000000000000000000000000   250821             00000000000000                                                                  000129
1021903727600017200000260206200016896                         00000000400877518627000000000000000000000000060624082126/400877500000000400877518627270821000000020000063300001  000000000000000000000000000000000000000000000000000000000000000000000000000000000000020000000000000000000000000000000   250821             00000000000000                                                                  000130
1021903727600017200000260206200016896                         00000000400877914867000000000000000000000000060624082126/400877900000000400877914867270821000000000800065500001  000000000000000000000000000000000000000000000000000000000000000000000000000000000000000800000000000000000000000000000   250821             00000000000000                                                                  000131
1021903727600017200000260206200016896                         00000000400880334464000000000000000000000000060624082126/400880300000000400880334464270821000000020000000100128  000000000000000000000000000000000000000000000000000000000000000000000000000000000000020000000000000000000000000000000   250821             00000000000000                                                                  000132
1021903727600017200000260206200016896                         00000000400890277086000000000000000000000000060624082126/400890200000000400890277086250821000000005000000100922  000000000000000000000000000000000000000000000000000000000000000000000000000000000000005000000000000000000000000000000   250821             00000000000000                                                                  000133
1021903727600017200000260206200016896                         00000000400928567741000000000000000000000000060624082126/400928500000000400928567741270821000000004000010404232  000000000000000000000000000000000000000000000000000000000000000000000000000000000000004000000000000000000000000000000   250821             00000000000000                                                                  000134
1021903727600017200000260206200016896                         00000000400944267022000000000000000000000000060624082126/400944200000000400944267022270821000000000800065500001  000000000000000000000000000000000000000000000000000000000000000000000000000000000000000800000000000000000000000000000   250821             00000000000000                                                                  000135
1021903727600017200000260206200016896                         00000000400966830553000000000000000000000000060624082126/400966800000000400966830553270821000000004200000100128  000000000000000000000000000000000000000000000000000000000000000000000000000000000000004200000000000000000000000000000   250821             00000000000000                                                                  000136
1021903727600017200000260206200016896                         00000000400979065481000000000000000000000000060624082126/400979000000000400979065481270821000000001500010403880  000000000000000000000000000000000000000000000000000000000000000000000000000000000000001500000000000000000000000000000   250821             00000000000000                                                                  000137
1021903727600017200000260206200016896                         00000000400988021772000000000000000000000000060624082126/400988000000000400988021772240821000000000800023703733  000000000000000000000000000000000000000000000000000000000000000000000000000000000000000800000000000000000000000000000   250821             00000000000000                                                                  000138
1021903727600017200000260206200016896                         00000000600627549909000000000000000000000000060624082126/600627500000000600627549909270821000000001400010400108  000000000000000000000000000000000000000000000000000000000000000000000000000000000000001400000000000000000000000000000   250821             00000000000000                                                                  000139
1021903727600017200000260206200016896                         00000000600864082985000000000000000000000000060624082126/600864000000000600864082985270821000000000319921200001  000000000000000000000000000000000000000000000000000000000000000000000000000000000000000319900000000000000000000000000   250821             00000000000000                                                                  000140
1021903727600017200000260206200016896                         00000000200703403163000000000000000000000000061024082126/200703400000000200703403163240621000000000710023700000  000000000000000000000000000000000000000000000000000000000000000000000000000000000000000000000000000000000000000000000                          1600000000                                                                  000141
1021903727600017200000260206200016896                         00000000400101953870000000000000000000000000061024082126/400101900000000400101953870240621000000002500023700000  000000000000000000000000000000000000000000000000000000000000000000000000000000000000000000000000000000000000000000000                          1600000000                                                                  000142
1021903727600017200000260206200016896                         00000000400131867863000000000000000000000000061024082126/400131800000000400131867863240621000000001290023700000  000000000000000000000000000000000000000000000000000000000000000000000000000000000000000000000000000000000000000000000                          1600000000                                                                  000143
1021903727600017200000260206200016896                         00000000400166032888000000000000000000000000061024082126/400166000000000400166032888240621000000001470023700000  000000000000000000000000000000000000000000000000000000000000000000000000000000000000000000000000000000000000000000000                          1600000000                                                                  000144
1021903727600017200000260206200016896                         00000000400181798986000000000000000000000000061024082126/400181700000000400181798986240621000000001500023700000  000000000000000000000000000000000000000000000000000000000000000000000000000000000000000000000000000000000000000000000                          1600000000                                                                  000145
1021903727600017200000260206200016896                         00000000400190096064000000000000000000000000061024082126/400190000000000400190096064240621000000001500023700000  000000000000000000000000000000000000000000000000000000000000000000000000000000000000000000000000000000000000000000000                          1600000000                                                                  000146
1021903727600017200000260206200016896                         0000000040050447039P000000000000000000000000061024082126/40050440000000040050447039P240621000000006500023700000  000000000000000000000000000000000000000000000000000000000000000000000000000000000000000000000000000000000000000000000                          1600000000                                                                  000147
1021903727600017200000260206200016896                         00000000400573854159000000000000000000000000061024082126/400573800000000400573854159240621000000003000023700000  000000000000000000000000000000000000000000000000000000000000000000000000000000000000000000000000000000000000000000000                          1600000000                                                                  000148
1021903727600017200000260206200016896                         00000000400604596986000000000000000000000000061024082126/400604500000000400604596986240621000000000800023700000  000000000000000000000000000000000000000000000000000000000000000000000000000000000000000000000000000000000000000000000                          1600000000                                                                  000149
1021903727600017200000260206200016896                         00000000400658016128000000000000000000000000061024082126/400658000000000400658016128240621000000004000023700000  000000000000000000000000000000000000000000000000000000000000000000000000000000000000000000000000000000000000000000000                          1600000000                                                                  000150
1021903727600017200000260206200016896                         00000000400674995802000000000000000000000000061024082126/400674900000000400674995802240621000000009000023700000  000000000000000000000000000000000000000000000000000000000000000000000000000000000000000000000000000000000000000000000                          1600000000                                                                  000151
1021903727600017200000260206200016896                         00000000400810064567000000000000000000000000061024082126/400810000000000400810064567240621000000000800023700000  000000000000000000000000000000000000000000000000000000000000000000000000000000000000000000000000000000000000000000000                          1600000000                                                                  000152
1021903727600017200000260206200016896                         0000000040084005180P000000000000000000000000061024082126/40084000000000040084005180P240621000000001900023700000  000000000000000000000000000000000000000000000000000000000000000000000000000000000000000000000000000000000000000000000                          1600000000                                                                  000153
1021903727600017200000260206200016896                         00000000400840189747000000000000000000000000061024082126/400840100000000400840189747240621000000000800023700000  000000000000000000000000000000000000000000000000000000000000000000000000000000000000000000000000000000000000000000000                          1600000000                                                                  000154
9201237          000006430000001194442900000752          00073000003442766000003377309000660000033773090001400000035770000000000000000000000000000000000000000000000000000000000000000000000                                                                                                                                                                              00000000000000000000000         000155
