02RETORNO01COBRANCA       00000000000005034448E-PREPAG ADMINISTRADORA DE CAR237BRADESCO       2411210160000000814                                                                                                                                                                                                                                                                          251121         000001
1021903727600017200000260206200016896                         00000000200346822705000000000000000000000000060224112126/200346800000000200346822705271121000000000500023704152  000000000008200000000000000000000000000000000000000000000000000000000000000000000000000000000000000000000000000000000                          0000000000                                                                  000002
1021903727600017200000260206200016896                         00000000200349851684000000000000000000000000060224112126/200349800000000200349851684271121000000000188823704400  000000000008200000000000000000000000000000000000000000000000000000000000000000000000000000000000000000000000000000000                          0000000000                                                                  000003
1021903727600017200000260206200016896                         00000000200662124564000000000000000000000000060224112126/200662100000000200662124564271121000000000079923704152  000000000008200000000000000000000000000000000000000000000000000000000000000000000000000000000000000000000000000000000                          0000000000                                                                  000004
1021903727600017200000260206200016896                         00000000200911006038000000000000000000000000060224112126/200911000000000200911006038271121000000000205623704422  000000000008200000000000000000000000000000000000000000000000000000000000000000000000000000000000000000000000000000000                          0000000000                                                                  000005
1021903727600017200000260206200016896                         00000000200988654164000000000000000000000000060224112126/200988600000000200988654164271121000000001013223704428  000000000008200000000000000000000000000000000000000000000000000000000000000000000000000000000000000000000000000000000                          7600000000                                                                  000006
1021903727600017200000260206200016896                         00000000400022618551000000000000000000000000060224112126/400022600000000400022618551271121000000000800023704422  000000000008200000000000000000000000000000000000000000000000000000000000000000000000000000000000000000000000000000000                          0000000000                                                                  000007
1021903727600017200000260206200016896                         00000000400050461897000000000000000000000000060224112126/400050400000000400050461897271121000000000800023704159  000000000008200000000000000000000000000000000000000000000000000000000000000000000000000000000000000000000000000000000                          0000000000                                                                  000008
1021903727600017200000260206200016896                         00000000400132714599000000000000000000000000060224112126/400132700000000400132714599271121000000001140023704426  000000000008200000000000000000000000000000000000000000000000000000000000000000000000000000000000000000000000000000000                          0000000000                                                                  000009
1021903727600017200000260206200016896                         00000000400141423491000000000000000000000000060224112126/400141400000000400141423491271121000000007210023704154  000000000008200000000000000000000000000000000000000000000000000000000000000000000000000000000000000000000000000000000                          0000000000                                                                  000010
1021903727600017200000260206200016896                         00000000400177287128000000000000000000000000060224112126/400177200000000400177287128271121000000003200023704159  000000000008200000000000000000000000000000000000000000000000000000000000000000000000000000000000000000000000000000000                          0000000000                                                                  000011
1021903727600017200000260206200016896                         00000000400238740831000000000000000000000000060224112126/400238700000000400238740831271121000000005000023700140  000000000008200000000000000000000000000000000000000000000000000000000000000000000000000000000000000000000000000000000                          0000000000                                                                  000012
1021903727600017200000260206200016896                         00000000400267423209000000000000000000000000060224112126/400267400000000400267423209271121000000006000023704157  000000000008200000000000000000000000000000000000000000000000000000000000000000000000000000000000000000000000000000000                          0000000000                                                                  000013
1021903727600017200000260206200016896                         00000000400285138783000000000000000000000000060224112126/400285100000000400285138783271121000000002500023704426  000000000008200000000000000000000000000000000000000000000000000000000000000000000000000000000000000000000000000000000                          0000000000                                                                  000014
1021903727600017200000260206200016896                         00000000400299796554000000000000000000000000060224112126/400299700000000400299796554271121000000007000023704157  000000000008200000000000000000000000000000000000000000000000000000000000000000000000000000000000000000000000000000000                          0000000000                                                                  000015
1021903727600017200000260206200016896                         00000000400334661179000000000000000000000000060224112126/400334600000000400334661179271121000000004790023704602  000000000008200000000000000000000000000000000000000000000000000000000000000000000000000000000000000000000000000000000                          0000000000                                                                  000016
1021903727600017200000260206200016896                         00000000400336290135000000000000000000000000060224112126/400336200000000400336290135271121000000003000023704151  000000000008200000000000000000000000000000000000000000000000000000000000000000000000000000000000000000000000000000000                          0000000000                                                                  000017
1021903727600017200000260206200016896                         0000000040035390905P000000000000000000000000060224112126/40035390000000040035390905P271121000000150000023704428  000000000008200000000000000000000000000000000000000000000000000000000000000000000000000000000000000000000000000000000                          7600000000                                                                  000018
1021903727600017200000260206200016896                         0000000040046402328P000000000000000000000000060224112126/40046400000000040046402328P271121000000000800023700140  000000000008200000000000000000000000000000000000000000000000000000000000000000000000000000000000000000000000000000000                          0000000000                                                                  000019
1021903727600017200000260206200016896                         00000000400523012580000000000000000000000000060224112126/400523000000000400523012580271121000000000800023704422  000000000008200000000000000000000000000000000000000000000000000000000000000000000000000000000000000000000000000000000                          0000000000                                                                  000020
1021903727600017200000260206200016896                         00000000400627393993000000000000000000000000060224112126/400627300000000400627393993271121000000080000023704151  000000000008200000000000000000000000000000000000000000000000000000000000000000000000000000000000000000000000000000000                          7600000000                                                                  000021
1021903727600017200000260206200016896                         00000000400696794606000000000000000000000000060224112126/400696700000000400696794606271121000000005000023704159  000000000008200000000000000000000000000000000000000000000000000000000000000000000000000000000000000000000000000000000                          0000000000                                                                  000022
1021903727600017200000260206200016896                         00000000400742903954000000000000000000000000060224112126/400742900000000400742903954271121000000012000023700435  000000000008200000000000000000000000000000000000000000000000000000000000000000000000000000000000000000000000000000000                          0000000000                                                                  000023
1021903727600017200000260206200016896                         00000000400825161860000000000000000000000000060224112126/400825100000000400825161860271121000000002000023704452  000000000008200000000000000000000000000000000000000000000000000000000000000000000000000000000000000000000000000000000                          0000000000                                                                  000024
1021903727600017200000260206200016896                         00000000200662124564000000000000000000000000060624112126/200662100000000200662124564271121000000000079921200001  000000000000000000000000000000000000000000000000000000000000000000000000000000000000000079900000000000000000000000000   251121             00000000000000                                                                  000025
1021903727600017200000260206200016896                         00000000200911006038000000000000000000000000060624112126/200911000000000200911006038271121000000000205626000001  000000000000000000000000000000000000000000000000000000000000000000000000000000000000000205600000000000000000000000000   251121             00000000000000                                                                  000026
1021903727600017200000260206200016896                         00000000400022618551000000000000000000000000060624112126/400022600000000400022618551271121000000000800065500001  000000000000000000000000000000000000000000000000000000000000000000000000000000000000000800000000000000000000000000000   251121             00000000000000                                                                  000027
1021903727600017200000260206200016896                         00000000400050461897000000000000000000000000060624112126/400050400000000400050461897271121000000000800075604327  000000000000000000000000000000000000000000000000000000000000000000000000000000000000000800000000000000000000000000000   251121             00000000000000                                                                  000028
1021903727600017200000260206200016896                         00000000400132714599000000000000000000000000060624112126/400132700000000400132714599271121000000001140004100377  000000000000000000000000000000000000000000000000000000000000000000000000000000000000001140000000000000000000000000000   251121             00000000000000                                                                  000029
1021903727600017200000260206200016896                         00000000400177287128000000000000000000000000060624112126/400177200000000400177287128271121000000003200075604327  000000000000000000000000000000000000000000000000000000000000000000000000000000000000003200000000000000000000000000000   251121             00000000000000                                                                  000030
1021903727600017200000260206200016896                         00000000400238740831000000000000000000000000060624112126/400238700000000400238740831271121000000005000075604327  000000000000000000000000000000000000000000000000000000000000000000000000000000000000005000000000000000000000000000000   251121             00000000000000                                                                  000031
1021903727600017200000260206200016896                         00000000400267423209000000000000000000000000060624112126/400267400000000400267423209271121000000006000023703929  000000000000000000000000000000000000000000000000000000000000000000000000000000000000006000000000000000000000000000000   251121             00000000000000                                                                  000032
1021903727600017200000260206200016896                         00000000400285138783000000000000000000000000060624112126/400285100000000400285138783271121000000002500010403711  000000000000000000000000000000000000000000000000000000000000000000000000000000000000002500000000000000000000000000000   251121             00000000000000                                                                  000033
1021903727600017200000260206200016896                         00000000400299796554000000000000000000000000060624112126/400299700000000400299796554271121000000007000023700424  000000000000000000000000000000000000000000000000000000000000000000000000000000000000007000000000000000000000000000000   251121             00000000000000                                                                  000034
1021903727600017200000260206200016896                         00000000400334661179000000000000000000000000060624112126/400334600000000400334661179271121000000004790000101694  000000000000000000000000000000000000000000000000000000000000000000000000000000000000004790000000000000000000000000000   251121             00000000000000                                                                  000035
1021903727600017200000260206200016896                         00000000400408009215000000000000000000000000060624112126/400408000000000400408009215261121000000005530075601396  000000000000000000000000000000000000000000000000000000000000000000000000000000000000005530000000000000000000000000000   251121             00000000000000                                                                  000036
1021903727600017200000260206200016896                         0000000040046402328P000000000000000000000000060624112126/40046400000000040046402328P271121000000000800010403189  000000000000000000000000000000000000000000000000000000000000000000000000000000000000000800000000000000000000000000000   251121             00000000000000                                                                  000037
1021903727600017200000260206200016896                         00000000400523012580000000000000000000000000060624112126/400523000000000400523012580271121000000000800065500001  000000000000000000000000000000000000000000000000000000000000000000000000000000000000000800000000000000000000000000000   251121             00000000000000                                                                  000038
1021903727600017200000260206200016896                         00000000400627393993000000000000000000000000060624112126/400627300000000400627393993271121000000080000026000001  000000000000000000000000000000000000000000000000000000000000000000000000000000000000080000000000000000000000000000000   251121             00000000000000                                                                  000039
1021903727600017200000260206200016896                         00000000400696794606000000000000000000000000060624112126/400696700000000400696794606271121000000005000000100922  000000000000000000000000000000000000000000000000000000000000000000000000000000000000005000000000000000000000000000000   251121             00000000000000                                                                  000040
1021903727600017200000260206200016896                         00000000400718351487000000000000000000000000060624112126/400718300000000400718351487251121000000008700075601396  000000000000000000000000000000000000000000000000000000000000000000000000000000000000008700000000000000000000000000000   251121             00000000000000                                                                  000041
1021903727600017200000260206200016896                         00000000400742903954000000000000000000000000060624112126/400742900000000400742903954271121000000012000010400041  000000000000000000000000000000000000000000000000000000000000000000000000000000000000012000000000000000000000000000000   251121             00000000000000                                                                  000042
1021903727600017200000260206200016896                         00000000400825161860000000000000000000000000060624112126/400825100000000400825161860271121000000002000010401563  000000000000000000000000000000000000000000000000000000000000000000000000000000000000002000000000000000000000000000000   251121             00000000000000                                                                  000043
1021903727600017200000260206200016896                         0000000020072853758P000000000000000000000000061024112126/20072850000000020072853758P240921000000000500023700000  000000000000000000000000000000000000000000000000000000000000000000000000000000000000000000000000000000000000000000000                          1600000000                                                                  000044
9201237          000003400000000767126100000814          00023000002940275000001463455000190000014634550000100000000500000000000000000000000000000000000000000000000000000000000000000000000                                                                                                                                                                              00000000000000000000000         000045
