02RETORNO01COBRANCA       00000000000005034448E-PREPAG ADMINISTRADORA DE CAR237BRADESCO       2511210160000000815                                                                                                                                                                                                                                                                          261121         000001
1021903727600017200000260206200016896                         00000000200485509159000000000000000000000000060225112126/200485500000000200485509159281121000000000671123704424  000000000008200000000000000000000000000000000000000000000000000000000000000000000000000000000000000000000000000000000                          0000000000                                                                  000002
1021903727600017200000260206200016896                         0000000020061326945P000000000000000000000000060225112126/20061320000000020061326945P281121000000000355323704424  000000000008200000000000000000000000000000000000000000000000000000000000000000000000000000000000000000000000000000000                          0000000000                                                                  000003
1021903727600017200000260206200016896                         00000000200922559829000000000000000000000000060225112126/200922500000000200922559829281121000000000049923704274  000000000008200000000000000000000000000000000000000000000000000000000000000000000000000000000000000000000000000000000                          0000000000                                                                  000004
1021903727600017200000260206200016896                         00000000400144775135000000000000000000000000060225112126/400144700000000400144775135281121000000099000023704151  000000000008200000000000000000000000000000000000000000000000000000000000000000000000000000000000000000000000000000000                          7600000000                                                                  000005
1021903727600017200000260206200016896                         00000000400173737579000000000000000000000000060225112126/400173700000000400173737579281121000000002300023704158  000000000008200000000000000000000000000000000000000000000000000000000000000000000000000000000000000000000000000000000                          0000000000                                                                  000006
1021903727600017200000260206200016896                         00000000400218107121000000000000000000000000060225112126/400218100000000400218107121281121000000000860023700320  000000000008200000000000000000000000000000000000000000000000000000000000000000000000000000000000000000000000000000000                          0000000000                                                                  000007
1021903727600017200000260206200016896                         00000000400335185656000000000000000000000000060225112126/400335100000000400335185656281121000000004300023704159  000000000008200000000000000000000000000000000000000000000000000000000000000000000000000000000000000000000000000000000                          0000000000                                                                  000008
1021903727600017200000260206200016896                         00000000400379042887000000000000000000000000060225112126/400379000000000400379042887281121000000002000023704159  000000000008200000000000000000000000000000000000000000000000000000000000000000000000000000000000000000000000000000000                          0000000000                                                                  000009
1021903727600017200000260206200016896                         00000000400463325894000000000000000000000000060225112126/400463300000000400463325894281121000000002080023704154  000000000008200000000000000000000000000000000000000000000000000000000000000000000000000000000000000000000000000000000                          0000000000                                                                  000010
1021903727600017200000260206200016896                         00000000400656948384000000000000000000000000060225112126/400656900000000400656948384281121000000002100023704143  000000000008200000000000000000000000000000000000000000000000000000000000000000000000000000000000000000000000000000000                          7600000000                                                                  000011
1021903727600017200000260206200016896                         00000000400675718527000000000000000000000000060225112126/400675700000000400675718527281121000000000800023704159  000000000008200000000000000000000000000000000000000000000000000000000000000000000000000000000000000000000000000000000                          0000000000                                                                  000012
1021903727600017200000260206200016896                         00000000400938109539000000000000000000000000060225112126/400938100000000400938109539281121000000005000023702062  000000000008200000000000000000000000000000000000000000000000000000000000000000000000000000000000000000000000000000000                          0000000000                                                                  000013
1021903727600017200000260206200016896                         00000000200339996463000000000000000000000000060625112126/200339900000000200339996463261121000000000855010401240  000000000000000000000000000000000000000000000000000000000000000000000000000000000000000855000000000000000000000000000   261121             00000000000000                                                                  000014
1021903727600017200000260206200016896                         00000000200485509159000000000000000000000000060625112126/200485500000000200485509159281121000000000671123700705  000000000000000000000000000000000000000000000000000000000000000000000000000000000000000671100000000000000000000000000   261121             00000000000000                                                                  000015
1021903727600017200000260206200016896                         0000000020061326945P000000000000000000000000060625112126/20061320000000020061326945P281121000000000355323700705  000000000000000000000000000000000000000000000000000000000000000000000000000000000000000355300000000000000000000000000   261121             00000000000000                                                                  000016
1021903727600017200000260206200016896                         00000000400141423491000000000000000000000000060625112126/400141400000000400141423491271121000000007210002100112  000000000000000000000000000000000000000000000000000000000000000000000000000000000000007210000000000000000000000000000   261121             00000000000000                                                                  000017
1021903727600017200000260206200016896                         00000000400144775135000000000000000000000000060625112126/400144700000000400144775135281121000000099000063300001  000000000000000000000000000000000000000000000000000000000000000000000000000000000000099000000000000000000000000000000   261121             00000000000000                                                                  000018
1021903727600017200000260206200016896                         00000000400173737579000000000000000000000000060625112126/400173700000000400173737579281121000000002300010400422  000000000000000000000000000000000000000000000000000000000000000000000000000000000000002300000000000000000000000000000   261121             00000000000000                                                                  000019
1021903727600017200000260206200016896                         00000000400218107121000000000000000000000000060625112126/400218100000000400218107121281121000000000860065500001  000000000000000000000000000000000000000000000000000000000000000000000000000000000000000860000000000000000000000000000   261121             00000000000000                                                                  000020
1021903727600017200000260206200016896                         00000000400226624542000000000000000000000000060625112126/400226600000000400226624542251121000000002000023700332  000000000000000000000000000000000000000000000000000000000000000000000000000000000000002000000000000000000000000000000   261121             00000000000000                                                                  000021
1021903727600017200000260206200016896                         00000000400335185656000000000000000000000000060625112126/400335100000000400335185656281121000000004300075604327  000000000000000000000000000000000000000000000000000000000000000000000000000000000000004300000000000000000000000000000   261121             00000000000000                                                                  000022
1021903727600017200000260206200016896                         00000000400336290135000000000000000000000000060625112126/400336200000000400336290135271121000000003000010404354  000000000000000000000000000000000000000000000000000000000000000000000000000000000000003000000000000000000000000000000   261121             00000000000000                                                                  000023
1021903727600017200000260206200016896                         00000000400507867053000000000000000000000000060625112126/400507800000000400507867053251121000000001760023700332  000000000000000000000000000000000000000000000000000000000000000000000000000000000000001760000000000000000000000000000   261121             00000000000000                                                                  000024
1021903727600017200000260206200016896                         00000000400656948384000000000000000000000000060625112126/400656900000000400656948384281121000000002100023702151  000000000000000000000000000000000000000000000000000000000000000000000000000000000000002100000000000000000000000000000   261121             00000000000000                                                                  000025
1021903727600017200000260206200016896                         00000000400938109539000000000000000000000000060625112126/400938100000000400938109539281121000000005000010402778  000000000000000000000000000000000000000000000000000000000000000000000000000000000000005000000000000000000000000000000   261121             00000000000000                                                                  000026
1021903727600017200000260206200016896                         00000000200333662865000000000000000000000000061025112126/200333600000000200333662865250921000000000194223700000  000000000000000000000000000000000000000000000000000000000000000000000000000000000000000000000000000000000000000000000                          1600000000                                                                  000027
1021903727600017200000260206200016896                         0000000020046923705P000000000000000000000000061025112126/20046920000000020046923705P250921000000000950623700000  000000000000000000000000000000000000000000000000000000000000000000000000000000000000000000000000000000000000000000000                          1600000000                                                                  000028
1021903727600017200000260206200016896                         00000000400216309428000000000000000000000000061025112126/400216300000000400216309428250921000000002400023700000  000000000000000000000000000000000000000000000000000000000000000000000000000000000000000000000000000000000000000000000                          1600000000                                                                  000029
1021903727600017200000260206200016896                         00000000400433668991000000000000000000000000061025112126/400433600000000400433668991250921000000004000023700000  000000000000000000000000000000000000000000000000000000000000000000000000000000000000000000000000000000000000000000000                          1600000000                                                                  000030
1021903727600017200000260206200016896                         00000000400461159075000000000000000000000000061025112126/400461100000000400461159075250921000000005000023700000  000000000000000000000000000000000000000000000000000000000000000000000000000000000000000000000000000000000000000000000                          1600000000                                                                  000031
1021903727600017200000260206200016896                         00000000400595243218000000000000000000000000061025112126/400595200000000400595243218250921000000005000023700000  000000000000000000000000000000000000000000000000000000000000000000000000000000000000000000000000000000000000000000000                          1600000000                                                                  000032
1021903727600017200000260206200016896                         00000000400854140163000000000000000000000000061025112126/400854100000000400854140163250921000000012000023700000  000000000000000000000000000000000000000000000000000000000000000000000000000000000000000000000000000000000000000000000                          1600000000                                                                  000033
9201237          000003320000000727686200000815          00012000001195163000001294114000130000012941140000700000029544800000000000000000000000000000000000000000000000000000000000000000000                                                                                                                                                                              00000000000000000000000         000034
