02RETORNO01COBRANCA       00000000000005034448E-PREPAG ADMINISTRADORA DE CAR237BRADESCO       2511220160000001066                                                                                                                                                                                                                                                                          281122         000001
1021903727600017200000260206200016896                         00000000200181785699000000000000000000000000060225112226/200181700000000200181785699281122000000000637523704151  000000000008200000000000000000000000000000000000000000000000000000000000000000000000000000000000000000000000000000000                          0000000000                                                                  000002
1021903727600017200000260206200016896                         00000000200524349938000000000000000000000000060225112226/200524300000000200524349938281122000000000179323704154  000000000008200000000000000000000000000000000000000000000000000000000000000000000000000000000000000000000000000000000                          0000000000                                                                  000003
1021903727600017200000260206200016896                         00000000200526630707000000000000000000000000060225112226/200526600000000200526630707281122000000001593223704159  000000000008200000000000000000000000000000000000000000000000000000000000000000000000000000000000000000000000000000000                          0000000000                                                                  000004
1021903727600017200000260206200016896                         00000000200717235808000000000000000000000000060225112226/200717200000000200717235808281122000000001593223704159  000000000008200000000000000000000000000000000000000000000000000000000000000000000000000000000000000000000000000000000                          0000000000                                                                  000005
1021903727600017200000260206200016896                         0000000020076851938P000000000000000000000000060225112226/20076850000000020076851938P281122000000001593223704159  000000000008200000000000000000000000000000000000000000000000000000000000000000000000000000000000000000000000000000000                          0000000000                                                                  000006
1021903727600017200000260206200016896                         00000000400306294675000000000000000000000000060225112226/400306200000000400306294675281122000000005000023704157  000000000008200000000000000000000000000000000000000000000000000000000000000000000000000000000000000000000000000000000                          0000000000                                                                  000007
1021903727600017200000260206200016896                         0000000040047426417P000000000000000000000000060225112226/40047420000000040047426417P281122000000000800023704144  000000000008200000000000000000000000000000000000000000000000000000000000000000000000000000000000000000000000000000000                          0000000000                                                                  000008
1021903727600017200000260206200016896                         00000000400501291486000000000000000000000000060225112226/400501200000000400501291486281122000000005910023704157  000000000008200000000000000000000000000000000000000000000000000000000000000000000000000000000000000000000000000000000                          0000000000                                                                  000009
1021903727600017200000260206200016896                         00000000400631641217000000000000000000000000060225112226/400631600000000400631641217281122000000001700023704422  000000000008200000000000000000000000000000000000000000000000000000000000000000000000000000000000000000000000000000000                          0000000000                                                                  000010
1021903727600017200000260206200016896                         00000000400702820843000000000000000000000000060225112226/400702800000000400702820843281122000000002500023704452  000000000008200000000000000000000000000000000000000000000000000000000000000000000000000000000000000000000000000000000                          0000000000                                                                  000011
1021903727600017200000260206200016896                         00000000400880083895000000000000000000000000060225112226/400880000000000400880083895281122000000004100023704159  000000000008200000000000000000000000000000000000000000000000000000000000000000000000000000000000000000000000000000000                          0000000000                                                                  000012
1021903727600017200000260206200016896                         00000000200181785699000000000000000000000000060625112226/200181700000000200181785699281122000000000637534106753  000000000000000000000000000000000000000000000000000000000000000000000000000000000000000637500000000000000000000000000   281122             00000000000000                                                                  000013
1021903727600017200000260206200016896                         00000000400306294675000000000000000000000000060625112226/400306200000000400306294675281122000000005000023703929  000000000000000000000000000000000000000000000000000000000000000000000000000000000000005000000000000000000000000000000   281122             00000000000000                                                                  000014
1021903727600017200000260206200016896                         00000000400501291486000000000000000000000000060625112226/400501200000000400501291486281122000000005910023700424  000000000000000000000000000000000000000000000000000000000000000000000000000000000000005910000000000000000000000000000   281122             00000000000000                                                                  000015
1021903727600017200000260206200016896                         00000000400631641217000000000000000000000000060625112226/400631600000000400631641217281122000000001700010404160  000000000000000000000000000000000000000000000000000000000000000000000000000000000000001700000000000000000000000000000   281122             00000000000000                                                                  000016
1021903727600017200000260206200016896                         00000000400702820843000000000000000000000000060625112226/400702800000000400702820843281122000000002500065500001  000000000000000000000000000000000000000000000000000000000000000000000000000000000000002500000000000000000000000000000   281122             00000000000000                                                                  000017
1021903727600017200000260206200016896                         00000000400751231780000000000000000000000000060625112226/400751200000000400751231780271122000000004100074801022  000000000000000000000000000000000000000000000000000000000000000000000000000000000000004100000000000000000000000000000   281122             00000000000000                                                                  000018
1021903727600017200000260206200016896                         00000000400880083895000000000000000000000000060625112226/400880000000000400880083895281122000000004100075604327  000000000000000000000000000000000000000000000000000000000000000000000000000000000000004100000000000000000000000000000   281122             00000000000000                                                                  000019
1021903727600017200000260206200016896                         00000000200214825861000000000000000000000000061025112226/200214800000000200214825861250922000000001317923700000  000000000000000000000000000000000000000000000000000000000000000000000000000000000000000000000000000000000000000000000                          1600000000                                                                  000020
1021903727600017200000260206200016896                         00000000200414479704000000000000000000000000061025112226/200414400000000200414479704250922000000000304323700000  000000000000000000000000000000000000000000000000000000000000000000000000000000000000000000000000000000000000000000000                          1600000000                                                                  000021
9201237          000000890000000416551200001066          00011000000256064000000239475000070000002394750000200000001622200000000000000000000000000000000000000000000000000000000000000000000                                                                                                                                                                              00000000000000000000000         000022
