02RETORNO01COBRANCA       00000000000005034448E-PREPAG ADMINISTRADORA DE CAR237BRADESCO       2504230160000001168                                                                                                                                                                                                                                                                          260423         000001
1021903727600017200000260206200016896                         00000000200576766766000000000000000000000000060225042326/200576700000000200576766766280423000000000605023700408  000000000008200000000000000000000000000000000000000000000000000000000000000000000000000000000000000000000000000000000                          0000000000                                                                  000002
1021903727600017200000260206200016896                         00000000200666950248000000000000000000000000060225042326/200666900000000200666950248280423000000001608623704151  000000000008200000000000000000000000000000000000000000000000000000000000000000000000000000000000000000000000000000000                          0000000000                                                                  000003
1021903727600017200000260206200016896                         00000000200690749960000000000000000000000000060225042326/200690700000000200690749960280423000000000907723704159  000000000008200000000000000000000000000000000000000000000000000000000000000000000000000000000000000000000000000000000                          0000000000                                                                  000004
1021903727600017200000260206200016896                         0000000020074569057P000000000000000000000000060225042326/20074560000000020074569057P280423000000000119923704424  000000000008200000000000000000000000000000000000000000000000000000000000000000000000000000000000000000000000000000000                          7600000000                                                                  000005
1021903727600017200000260206200016896                         00000000200800191138000000000000000000000000060225042326/200800100000000200800191138280423000000000999923704424  000000000008200000000000000000000000000000000000000000000000000000000000000000000000000000000000000000000000000000000                          0000000000                                                                  000006
1021903727600017200000260206200016896                         00000000200907377927000000000000000000000000060225042326/200907300000000200907377927280423000000001797823704152  000000000008200000000000000000000000000000000000000000000000000000000000000000000000000000000000000000000000000000000                          0000000000                                                                  000007
1021903727600017200000260206200016896                         00000000200917979542000000000000000000000000060225042326/200917900000000200917979542280423000000000186323704159  000000000008200000000000000000000000000000000000000000000000000000000000000000000000000000000000000000000000000000000                          0000000000                                                                  000008
1021903727600017200000260206200016896                         00000000400013903405000000000000000000000000060225042326/400013900000000400013903405280423000000000800023704143  000000000008200000000000000000000000000000000000000000000000000000000000000000000000000000000000000000000000000000000                          7600000000                                                                  000009
1021903727600017200000260206200016896                         00000000400114040815000000000000000000000000060225042326/400114000000000400114040815280423000000001000023700140  000000000008200000000000000000000000000000000000000000000000000000000000000000000000000000000000000000000000000000000                          0000000000                                                                  000010
1021903727600017200000260206200016896                         00000000400410063901000000000000000000000000060225042326/400410000000000400410063901280423000000100000023704428  000000000008200000000000000000000000000000000000000000000000000000000000000000000000000000000000000000000000000000000                          7600000000                                                                  000011
1021903727600017200000260206200016896                         00000000400542957960000000000000000000000000060225042326/400542900000000400542957960280423000000001200023700321  000000000008200000000000000000000000000000000000000000000000000000000000000000000000000000000000000000000000000000000                          0000000000                                                                  000012
1021903727600017200000260206200016896                         00000000400554096111000000000000000000000000060225042326/400554000000000400554096111280423000000090000023704428  000000000008200000000000000000000000000000000000000000000000000000000000000000000000000000000000000000000000000000000                          7600000000                                                                  000013
1021903727600017200000260206200016896                         00000000400820834956000000000000000000000000060225042326/400820800000000400820834956280423000000001200023704159  000000000008200000000000000000000000000000000000000000000000000000000000000000000000000000000000000000000000000000000                          0000000000                                                                  000014
1021903727600017200000260206200016896                         00000000200576766766000000000000000000000000060625042326/200576700000000200576766766280423000000000605021200001  000000000000000000000000000000000000000000000000000000000000000000000000000000000000000605000000000000000000000000000   260423             00000000000000                                                                  000015
1021903727600017200000260206200016896                         00000000200666950248000000000000000000000000060625042326/200666900000000200666950248280423000000001608634100245  000000000000000000000000000000000000000000000000000000000000000000000000000000000000001608600000000000000000000000000   260423             00000000000000                                                                  000016
1021903727600017200000260206200016896                         00000000400114040815000000000000000000000000060625042326/400114000000000400114040815280423000000001000075604327  000000000000000000000000000000000000000000000000000000000000000000000000000000000000001000000000000000000000000000000   260423             00000000000000                                                                  000017
1021903727600017200000260206200016896                         00000000400410063901000000000000000000000000060625042326/400410000000000400410063901280423000000100000007700001  000000000000000000000000000000000000000000000000000000000000000000000000000000000000100000000000000000000000000000000   260423             00000000000000                                                                  000018
1021903727600017200000260206200016896                         00000000400542957960000000000000000000000000060625042326/400542900000000400542957960280423000000001200010401859  000000000000000000000000000000000000000000000000000000000000000000000000000000000000001200000000000000000000000000000   260423             00000000000000                                                                  000019
1021903727600017200000260206200016896                         00000000400554096111000000000000000000000000060625042326/400554000000000400554096111280423000000090000007700001  000000000000000000000000000000000000000000000000000000000000000000000000000000000000090000000000000000000000000000000   260423             00000000000000                                                                  000020
1021903727600017200000260206200016896                         00000000400771561957000000000000000000000000060625042326/400771500000000400771561957250423000000001100008100001  000000000000000000000000000000000000000000000000000000000000000000000000000000000000001100000000000000000000000000000   260423             00000000000000                                                                  000021
1021903727600017200000260206200016896                         00000000400820834956000000000000000000000000060625042326/400820800000000400820834956280423000000001200075604327  000000000000000000000000000000000000000000000000000000000000000000000000000000000000001200000000000000000000000000000   260423             00000000000000                                                                  000022
1021903727600017200000260206200016896                         00000000400986323925000000000000000000000000061025042326/400986300000000400986323925230223000000000800023700000  000000000000000000000000000000000000000000000000000000000000000000000000000000000000000000000000000000000000000000000                          1600000000                                                                  000023
9201237          000000660000000078485200001168          00013000002004252000001967136000080000019671360000100000000800000000000000000000000000000000000000000000000000000000000000000000000                                                                                                                                                                              00000000000000000000000         000024
