02RETORNO01COBRANCA       00000000000005034448E-PREPAG ADMINISTRADORA DE CAR237BRADESCO       2508210160000000753                                                                                                                                                                                                                                                                          260821         000001
1021903727600017200000260206200016896                         00000000100031185648000000000000000000000000060225082126/100031100000000100031185648260821000000000354923704400  000000000008200000000000000000000000000000000000000000000000000000000000000000000000000000000000000000000000000000000                          0000000000                                                                  000002
1021903727600017200000260206200016896                         00000000200139327532000000000000000000000000060225082126/200139300000000200139327532280821000000000269923704452  000000000008200000000000000000000000000000000000000000000000000000000000000000000000000000000000000000000000000000000                          7600000000                                                                  000003
1021903727600017200000260206200016896                         00000000200950395343000000000000000000000000060225082126/200950300000000200950395343280821000000000500023702062  000000000008200000000000000000000000000000000000000000000000000000000000000000000000000000000000000000000000000000000                          0000000000                                                                  000004
1021903727600017200000260206200016896                         00000000400038906956000000000000000000000000060225082126/400038900000000400038906956280821000000010030023704452  000000000008200000000000000000000000000000000000000000000000000000000000000000000000000000000000000000000000000000000                          0000000000                                                                  000005
1021903727600017200000260206200016896                         00000000400042780835000000000000000000000000060225082126/400042700000000400042780835280821000000003750023704452  000000000008200000000000000000000000000000000000000000000000000000000000000000000000000000000000000000000000000000000                          0000000000                                                                  000006
1021903727600017200000260206200016896                         00000000400105207693000000000000000000000000060225082126/400105200000000400105207693280821000000005000023704159  000000000008200000000000000000000000000000000000000000000000000000000000000000000000000000000000000000000000000000000                          0000000000                                                                  000007
1021903727600017200000260206200016896                         00000000400107498245000000000000000000000000060225082126/400107400000000400107498245280821000000011950023704144  000000000008200000000000000000000000000000000000000000000000000000000000000000000000000000000000000000000000000000000                          0000000000                                                                  000008
1021903727600017200000260206200016896                         00000000400110520669000000000000000000000000060225082126/400110500000000400110520669280821000000000800023704159  000000000008200000000000000000000000000000000000000000000000000000000000000000000000000000000000000000000000000000000                          0000000000                                                                  000009
1021903727600017200000260206200016896                         00000000400116616862000000000000000000000000060225082126/400116600000000400116616862280821000000000800023704159  000000000008200000000000000000000000000000000000000000000000000000000000000000000000000000000000000000000000000000000                          0000000000                                                                  000010
1021903727600017200000260206200016896                         00000000400118065391000000000000000000000000060225082126/400118000000000400118065391280821000000001000023704158  000000000008200000000000000000000000000000000000000000000000000000000000000000000000000000000000000000000000000000000                          0000000000                                                                  000011
1021903727600017200000260206200016896                         00000000400119303547000000000000000000000000060225082126/400119300000000400119303547280821000000000800023704159  000000000008200000000000000000000000000000000000000000000000000000000000000000000000000000000000000000000000000000000                          0000000000                                                                  000012
1021903727600017200000260206200016896                         00000000400134281207000000000000000000000000060225082126/400134200000000400134281207280821000000000800023704159  000000000008200000000000000000000000000000000000000000000000000000000000000000000000000000000000000000000000000000000                          0000000000                                                                  000013
1021903727600017200000260206200016896                         00000000400141440337000000000000000000000000060225082126/400141400000000400141440337280821000000000800023704422  000000000008200000000000000000000000000000000000000000000000000000000000000000000000000000000000000000000000000000000                          0000000000                                                                  000014
1021903727600017200000260206200016896                         00000000400145930355000000000000000000000000060225082126/400145900000000400145930355280821000000000800023700320  000000000008200000000000000000000000000000000000000000000000000000000000000000000000000000000000000000000000000000000                          0000000000                                                                  000015
1021903727600017200000260206200016896                         00000000400159095289000000000000000000000000060225082126/400159000000000400159095289280821000000000800023704422  000000000008200000000000000000000000000000000000000000000000000000000000000000000000000000000000000000000000000000000                          0000000000                                                                  000016
1021903727600017200000260206200016896                         00000000400165152200000000000000000000000000060225082126/400165100000000400165152200280821000000002500023704400  000000000008200000000000000000000000000000000000000000000000000000000000000000000000000000000000000000000000000000000                          0000000000                                                                  000017
1021903727600017200000260206200016896                         00000000400170820920000000000000000000000000060225082126/400170800000000400170820920280821000000000800023704159  000000000008200000000000000000000000000000000000000000000000000000000000000000000000000000000000000000000000000000000                          0000000000                                                                  000018
1021903727600017200000260206200016896                         00000000400188949491000000000000000000000000060225082126/400188900000000400188949491280821000000001570023704143  000000000008200000000000000000000000000000000000000000000000000000000000000000000000000000000000000000000000000000000                          0000000000                                                                  000019
1021903727600017200000260206200016896                         00000000400196723176000000000000000000000000060225082126/400196700000000400196723176280821000000000800023704159  000000000008200000000000000000000000000000000000000000000000000000000000000000000000000000000000000000000000000000000                          0000000000                                                                  000020
1021903727600017200000260206200016896                         00000000400209909355000000000000000000000000060225082126/400209900000000400209909355280821000000001250023704452  000000000008200000000000000000000000000000000000000000000000000000000000000000000000000000000000000000000000000000000                          7600000000                                                                  000021
1021903727600017200000260206200016896                         00000000400228487852000000000000000000000000060225082126/400228400000000400228487852280821000000000820023702062  000000000008200000000000000000000000000000000000000000000000000000000000000000000000000000000000000000000000000000000                          0000000000                                                                  000022
1021903727600017200000260206200016896                         00000000400237430057000000000000000000000000060225082126/400237400000000400237430057280821000000000800023700320  000000000008200000000000000000000000000000000000000000000000000000000000000000000000000000000000000000000000000000000                          0000000000                                                                  000023
1021903727600017200000260206200016896                         00000000400241876302000000000000000000000000060225082126/400241800000000400241876302280821000000008540023704159  000000000008200000000000000000000000000000000000000000000000000000000000000000000000000000000000000000000000000000000                          0000000000                                                                  000024
1021903727600017200000260206200016896                         00000000400245724574000000000000000000000000060225082126/400245700000000400245724574280821000000000800023704159  000000000008200000000000000000000000000000000000000000000000000000000000000000000000000000000000000000000000000000000                          0000000000                                                                  000025
1021903727600017200000260206200016896                         00000000400259729811000000000000000000000000060225082126/400259700000000400259729811280821000000000800023704422  000000000008200000000000000000000000000000000000000000000000000000000000000000000000000000000000000000000000000000000                          0000000000                                                                  000026
1021903727600017200000260206200016896                         00000000400281226653000000000000000000000000060225082126/400281200000000400281226653280821000000001520023704426  000000000008200000000000000000000000000000000000000000000000000000000000000000000000000000000000000000000000000000000                          0000000000                                                                  000027
1021903727600017200000260206200016896                         00000000400293163258000000000000000000000000060225082126/400293100000000400293163258280821000000000800023700320  000000000008200000000000000000000000000000000000000000000000000000000000000000000000000000000000000000000000000000000                          0000000000                                                                  000028
1021903727600017200000260206200016896                         00000000400295031332000000000000000000000000060225082126/400295000000000400295031332280821000000003500023704274  000000000008200000000000000000000000000000000000000000000000000000000000000000000000000000000000000000000000000000000                          0000000000                                                                  000029
1021903727600017200000260206200016896                         00000000400297421863000000000000000000000000060225082126/400297400000000400297421863280821000000012000023704157  000000000008200000000000000000000000000000000000000000000000000000000000000000000000000000000000000000000000000000000                          0000000000                                                                  000030
1021903727600017200000260206200016896                         00000000400304555579000000000000000000000000060225082126/400304500000000400304555579280821000000004000023702062  000000000008200000000000000000000000000000000000000000000000000000000000000000000000000000000000000000000000000000000                          0000000000                                                                  000031
1021903727600017200000260206200016896                         00000000400323628307000000000000000000000000060225082126/400323600000000400323628307280821000000000800023704159  000000000008200000000000000000000000000000000000000000000000000000000000000000000000000000000000000000000000000000000                          0000000000                                                                  000032
1021903727600017200000260206200016896                         00000000400325742891000000000000000000000000060225082126/400325700000000400325742891280821000000001600023704422  000000000008200000000000000000000000000000000000000000000000000000000000000000000000000000000000000000000000000000000                          0000000000                                                                  000033
1021903727600017200000260206200016896                         00000000400329871041000000000000000000000000060225082126/400329800000000400329871041280821000000008000023704157  000000000008200000000000000000000000000000000000000000000000000000000000000000000000000000000000000000000000000000000                          0000000000                                                                  000034
1021903727600017200000260206200016896                         00000000400342900727000000000000000000000000060225082126/400342900000000400342900727280821000000025000023700321  000000000008200000000000000000000000000000000000000000000000000000000000000000000000000000000000000000000000000000000                          0000000000                                                                  000035
1021903727600017200000260206200016896                         0000000040034432023P000000000000000000000000060225082126/40034430000000040034432023P280821000000000800023704422  000000000008200000000000000000000000000000000000000000000000000000000000000000000000000000000000000000000000000000000                          0000000000                                                                  000036
1021903727600017200000260206200016896                         00000000400356490319000000000000000000000000060225082126/400356400000000400356490319280821000000001000023700435  000000000008200000000000000000000000000000000000000000000000000000000000000000000000000000000000000000000000000000000                          0000000000                                                                  000037
1021903727600017200000260206200016896                         0000000040035929300P000000000000000000000000060225082126/40035920000000040035929300P280821000000000800023704159  000000000008200000000000000000000000000000000000000000000000000000000000000000000000000000000000000000000000000000000                          0000000000                                                                  000038
1021903727600017200000260206200016896                         00000000400359441637000000000000000000000000060225082126/400359400000000400359441637280821000000000800023704159  000000000008200000000000000000000000000000000000000000000000000000000000000000000000000000000000000000000000000000000                          0000000000                                                                  000039
1021903727600017200000260206200016896                         00000000400363332044000000000000000000000000060225082126/400363300000000400363332044280821000000000800023700435  000000000008200000000000000000000000000000000000000000000000000000000000000000000000000000000000000000000000000000000                          0000000000                                                                  000040
1021903727600017200000260206200016896                         00000000400366843430000000000000000000000000060225082126/400366800000000400366843430280821000000000800023704159  000000000008200000000000000000000000000000000000000000000000000000000000000000000000000000000000000000000000000000000                          0000000000                                                                  000041
1021903727600017200000260206200016896                         0000000040043265153P000000000000000000000000060225082126/40043260000000040043265153P280821000000000800023704422  000000000008200000000000000000000000000000000000000000000000000000000000000000000000000000000000000000000000000000000                          0000000000                                                                  000042
1021903727600017200000260206200016896                         00000000400456816998000000000000000000000000060225082126/400456800000000400456816998280821000000003000023704143  000000000008200000000000000000000000000000000000000000000000000000000000000000000000000000000000000000000000000000000                          0000000000                                                                  000043
1021903727600017200000260206200016896                         00000000400459348855000000000000000000000000060225082126/400459300000000400459348855280821000000000800023704452  000000000008200000000000000000000000000000000000000000000000000000000000000000000000000000000000000000000000000000000                          0000000000                                                                  000044
1021903727600017200000260206200016896                         00000000400500344373000000000000000000000000060225082126/400500300000000400500344373280821000000000800023704159  000000000008200000000000000000000000000000000000000000000000000000000000000000000000000000000000000000000000000000000                          0000000000                                                                  000045
1021903727600017200000260206200016896                         00000000400516431640000000000000000000000000060225082126/400516400000000400516431640280821000000000800023704159  000000000000000000000000000000000000000000000000000000000000000000000000000000000000000000000000000000000000000000000                          0000000000                                                                  000046
1021903727600017200000260206200016896                         00000000400527985931000000000000000000000000060225082126/400527900000000400527985931280821000000011990023704144  000000000008200000000000000000000000000000000000000000000000000000000000000000000000000000000000000000000000000000000                          0000000000                                                                  000047
1021903727600017200000260206200016896                         0000000040053099545P000000000000000000000000060225082126/40053090000000040053099545P280821000000000800023700320  000000000008200000000000000000000000000000000000000000000000000000000000000000000000000000000000000000000000000000000                          0000000000                                                                  000048
1021903727600017200000260206200016896                         00000000400535563523000000000000000000000000060225082126/400535500000000400535563523280821000000000800023700321  000000000008200000000000000000000000000000000000000000000000000000000000000000000000000000000000000000000000000000000                          0000000000                                                                  000049
1021903727600017200000260206200016896                         00000000400539946109000000000000000000000000060225082126/400539900000000400539946109280821000000001420023700140  000000000008200000000000000000000000000000000000000000000000000000000000000000000000000000000000000000000000000000000                          0000000000                                                                  000050
1021903727600017200000260206200016896                         00000000400544571261000000000000000000000000060225082126/400544500000000400544571261280821000000000800023704159  000000000008200000000000000000000000000000000000000000000000000000000000000000000000000000000000000000000000000000000                          0000000000                                                                  000051
1021903727600017200000260206200016896                         00000000400545699679000000000000000000000000060225082126/400545600000000400545699679280821000000000810023702062  000000000008200000000000000000000000000000000000000000000000000000000000000000000000000000000000000000000000000000000                          0000000000                                                                  000052
1021903727600017200000260206200016896                         00000000400585334983000000000000000000000000060225082126/400585300000000400585334983280821000000005000023704422  000000000008200000000000000000000000000000000000000000000000000000000000000000000000000000000000000000000000000000000                          0000000000                                                                  000053
1021903727600017200000260206200016896                         00000000400589750191000000000000000000000000060225082126/400589700000000400589750191280821000000000800023704159  000000000008200000000000000000000000000000000000000000000000000000000000000000000000000000000000000000000000000000000                          0000000000                                                                  000054
1021903727600017200000260206200016896                         00000000400599940452000000000000000000000000060225082126/400599900000000400599940452280821000000012000023704154  000000000008200000000000000000000000000000000000000000000000000000000000000000000000000000000000000000000000000000000                          0000000000                                                                  000055
1021903727600017200000260206200016896                         00000000400619157520000000000000000000000000060225082126/400619100000000400619157520280821000000002500023704157  000000000008200000000000000000000000000000000000000000000000000000000000000000000000000000000000000000000000000000000                          0000000000                                                                  000056
1021903727600017200000260206200016896                         00000000400633001002000000000000000000000000060225082126/400633000000000400633001002280821000000000800023704159  000000000008200000000000000000000000000000000000000000000000000000000000000000000000000000000000000000000000000000000                          0000000000                                                                  000057
1021903727600017200000260206200016896                         0000000040063432932P000000000000000000000000060225082126/40063430000000040063432932P280821000000000800023704159  000000000008200000000000000000000000000000000000000000000000000000000000000000000000000000000000000000000000000000000                          0000000000                                                                  000058
1021903727600017200000260206200016896                         00000000400663732346000000000000000000000000060225082126/400663700000000400663732346280821000000000800023700321  000000000008200000000000000000000000000000000000000000000000000000000000000000000000000000000000000000000000000000000                          0000000000                                                                  000059
1021903727600017200000260206200016896                         00000000400666070387000000000000000000000000060225082126/400666000000000400666070387280821000000000800023704422  000000000008200000000000000000000000000000000000000000000000000000000000000000000000000000000000000000000000000000000                          0000000000                                                                  000060
1021903727600017200000260206200016896                         00000000400668218756000000000000000000000000060225082126/400668200000000400668218756280821000000000800023704159  000000000008200000000000000000000000000000000000000000000000000000000000000000000000000000000000000000000000000000000                          0000000000                                                                  000061
1021903727600017200000260206200016896                         00000000400668732514000000000000000000000000060225082126/400668700000000400668732514280821000000012000023704144  000000000008200000000000000000000000000000000000000000000000000000000000000000000000000000000000000000000000000000000                          0000000000                                                                  000062
1021903727600017200000260206200016896                         0000000040067276594P000000000000000000000000060225082126/40067270000000040067276594P280821000000000800023704159  000000000008200000000000000000000000000000000000000000000000000000000000000000000000000000000000000000000000000000000                          0000000000                                                                  000063
1021903727600017200000260206200016896                         00000000400680531761000000000000000000000000060225082126/400680500000000400680531761280821000000000800023704159  000000000008200000000000000000000000000000000000000000000000000000000000000000000000000000000000000000000000000000000                          0000000000                                                                  000064
1021903727600017200000260206200016896                         00000000400681415404000000000000000000000000060225082126/400681400000000400681415404280821000000000800023704422  000000000008200000000000000000000000000000000000000000000000000000000000000000000000000000000000000000000000000000000                          0000000000                                                                  000065
1021903727600017200000260206200016896                         00000000400709102288000000000000000000000000060225082126/400709100000000400709102288280821000000000800023700320  000000000008200000000000000000000000000000000000000000000000000000000000000000000000000000000000000000000000000000000                          0000000000                                                                  000066
1021903727600017200000260206200016896                         00000000400709274453000000000000000000000000060225082126/400709200000000400709274453280821000000000800023702062  000000000008200000000000000000000000000000000000000000000000000000000000000000000000000000000000000000000000000000000                          0000000000                                                                  000067
1021903727600017200000260206200016896                         00000000400711251959000000000000000000000000060225082126/400711200000000400711251959280821000000001860023700140  000000000008200000000000000000000000000000000000000000000000000000000000000000000000000000000000000000000000000000000                          0000000000                                                                  000068
1021903727600017200000260206200016896                         00000000400718727088000000000000000000000000060225082126/400718700000000400718727088280821000000006000023700321  000000000008200000000000000000000000000000000000000000000000000000000000000000000000000000000000000000000000000000000                          0000000000                                                                  000069
1021903727600017200000260206200016896                         00000000400719155320000000000000000000000000060225082126/400719100000000400719155320280821000000006000023700140  000000000008200000000000000000000000000000000000000000000000000000000000000000000000000000000000000000000000000000000                          0000000000                                                                  000070
1021903727600017200000260206200016896                         00000000400720782800000000000000000000000000060225082126/400720700000000400720782800280821000000002000023700320  000000000008200000000000000000000000000000000000000000000000000000000000000000000000000000000000000000000000000000000                          0000000000                                                                  000071
1021903727600017200000260206200016896                         00000000400725137032000000000000000000000000060225082126/400725100000000400725137032280821000000000920023704422  000000000008200000000000000000000000000000000000000000000000000000000000000000000000000000000000000000000000000000000                          0000000000                                                                  000072
1021903727600017200000260206200016896                         00000000400725952526000000000000000000000000060225082126/400725900000000400725952526280821000000004080023704452  000000000008200000000000000000000000000000000000000000000000000000000000000000000000000000000000000000000000000000000                          7600000000                                                                  000073
1021903727600017200000260206200016896                         0000000040072963653P000000000000000000000000060225082126/40072960000000040072963653P280821000000009770023704154  000000000008200000000000000000000000000000000000000000000000000000000000000000000000000000000000000000000000000000000                          0000000000                                                                  000074
1021903727600017200000260206200016896                         00000000400733404104000000000000000000000000060225082126/400733400000000400733404104280821000000002500023700320  000000000008200000000000000000000000000000000000000000000000000000000000000000000000000000000000000000000000000000000                          0000000000                                                                  000075
1021903727600017200000260206200016896                         00000000400735885231000000000000000000000000060225082126/400735800000000400735885231280821000000004000023704424  000000000008200000000000000000000000000000000000000000000000000000000000000000000000000000000000000000000000000000000                          7600000000                                                                  000076
1021903727600017200000260206200016896                         00000000400748275122000000000000000000000000060225082126/400748200000000400748275122280821000000006000023704151  000000000008200000000000000000000000000000000000000000000000000000000000000000000000000000000000000000000000000000000                          0000000000                                                                  000077
1021903727600017200000260206200016896                         00000000400754570470000000000000000000000000060225082126/400754500000000400754570470280821000000005000023704159  000000000008200000000000000000000000000000000000000000000000000000000000000000000000000000000000000000000000000000000                          0000000000                                                                  000078
1021903727600017200000260206200016896                         00000000400770505832000000000000000000000000060225082126/400770500000000400770505832280821000000011970023704144  000000000008200000000000000000000000000000000000000000000000000000000000000000000000000000000000000000000000000000000                          0000000000                                                                  000079
1021903727600017200000260206200016896                         00000000400771007682000000000000000000000000060225082126/400771000000000400771007682280821000000000800023704159  000000000008200000000000000000000000000000000000000000000000000000000000000000000000000000000000000000000000000000000                          0000000000                                                                  000080
1021903727600017200000260206200016896                         00000000400788019749000000000000000000000000060225082126/400788000000000400788019749280821000000000800023704159  000000000008200000000000000000000000000000000000000000000000000000000000000000000000000000000000000000000000000000000                          0000000000                                                                  000081
1021903727600017200000260206200016896                         0000000040079887972P000000000000000000000000060225082126/40079880000000040079887972P280821000000002500023700435  000000000008200000000000000000000000000000000000000000000000000000000000000000000000000000000000000000000000000000000                          0000000000                                                                  000082
1021903727600017200000260206200016896                         00000000400809749785000000000000000000000000060225082126/400809700000000400809749785280821000000003000023704143  000000000008200000000000000000000000000000000000000000000000000000000000000000000000000000000000000000000000000000000                          7600000000                                                                  000083
1021903727600017200000260206200016896                         00000000400811406909000000000000000000000000060225082126/400811400000000400811406909280821000000003000023700435  000000000008200000000000000000000000000000000000000000000000000000000000000000000000000000000000000000000000000000000                          0000000000                                                                  000084
1021903727600017200000260206200016896                         00000000400814994364000000000000000000000000060225082126/400814900000000400814994364280821000000002500023700320  000000000008200000000000000000000000000000000000000000000000000000000000000000000000000000000000000000000000000000000                          0000000000                                                                  000085
1021903727600017200000260206200016896                         00000000400820473686000000000000000000000000060225082126/400820400000000400820473686280821000000011980023704144  000000000008200000000000000000000000000000000000000000000000000000000000000000000000000000000000000000000000000000000                          0000000000                                                                  000086
1021903727600017200000260206200016896                         00000000400820702758000000000000000000000000060225082126/400820700000000400820702758280821000000000800023704452  000000000008200000000000000000000000000000000000000000000000000000000000000000000000000000000000000000000000000000000                          0000000000                                                                  000087
1021903727600017200000260206200016896                         00000000400835680203000000000000000000000000060225082126/400835600000000400835680203280821000000000800023704422  000000000008200000000000000000000000000000000000000000000000000000000000000000000000000000000000000000000000000000000                          0000000000                                                                  000088
1021903727600017200000260206200016896                         00000000400840650649000000000000000000000000060225082126/400840600000000400840650649280821000000000800023704159  000000000008200000000000000000000000000000000000000000000000000000000000000000000000000000000000000000000000000000000                          0000000000                                                                  000089
1021903727600017200000260206200016896                         00000000400863357175000000000000000000000000060225082126/400863300000000400863357175280821000000000800023704159  000000000008200000000000000000000000000000000000000000000000000000000000000000000000000000000000000000000000000000000                          0000000000                                                                  000090
1021903727600017200000260206200016896                         00000000400877760576000000000000000000000000060225082126/400877700000000400877760576280821000000001000023704452  000000000008200000000000000000000000000000000000000000000000000000000000000000000000000000000000000000000000000000000                          7600000000                                                                  000091
1021903727600017200000260206200016896                         00000000400891217702000000000000000000000000060225082126/400891200000000400891217702280821000000000800023704159  000000000008200000000000000000000000000000000000000000000000000000000000000000000000000000000000000000000000000000000                          0000000000                                                                  000092
1021903727600017200000260206200016896                         00000000400900552595000000000000000000000000060225082126/400900500000000400900552595280821000000000800023704159  000000000008200000000000000000000000000000000000000000000000000000000000000000000000000000000000000000000000000000000                          0000000000                                                                  000093
1021903727600017200000260206200016896                         00000000400907274663000000000000000000000000060225082126/400907200000000400907274663280821000000008000023704424  000000000008200000000000000000000000000000000000000000000000000000000000000000000000000000000000000000000000000000000                          7600000000                                                                  000094
1021903727600017200000260206200016896                         0000000040091007120P000000000000000000000000060225082126/40091000000000040091007120P280821000000000800023704159  000000000008200000000000000000000000000000000000000000000000000000000000000000000000000000000000000000000000000000000                          0000000000                                                                  000095
1021903727600017200000260206200016896                         00000000400917829434000000000000000000000000060225082126/400917800000000400917829434280821000000000800023704159  000000000008200000000000000000000000000000000000000000000000000000000000000000000000000000000000000000000000000000000                          0000000000                                                                  000096
1021903727600017200000260206200016896                         00000000400923652511000000000000000000000000060225082126/400923600000000400923652511280821000000005000023704157  000000000008200000000000000000000000000000000000000000000000000000000000000000000000000000000000000000000000000000000                          0000000000                                                                  000097
1021903727600017200000260206200016896                         00000000400932594567000000000000000000000000060225082126/400932500000000400932594567280821000000002630023704452  000000000008200000000000000000000000000000000000000000000000000000000000000000000000000000000000000000000000000000000                          7600000000                                                                  000098
1021903727600017200000260206200016896                         00000000400946387912000000000000000000000000060225082126/400946300000000400946387912280821000000000800023704159  000000000008200000000000000000000000000000000000000000000000000000000000000000000000000000000000000000000000000000000                          0000000000                                                                  000099
1021903727600017200000260206200016896                         00000000400950245839000000000000000000000000060225082126/400950200000000400950245839280821000000000800023704422  000000000008200000000000000000000000000000000000000000000000000000000000000000000000000000000000000000000000000000000                          0000000000                                                                  000100
1021903727600017200000260206200016896                         00000000400950990127000000000000000000000000060225082126/400950900000000400950990127280821000000003000023704426  000000000008200000000000000000000000000000000000000000000000000000000000000000000000000000000000000000000000000000000                          0000000000                                                                  000101
1021903727600017200000260206200016896                         00000000400965632510000000000000000000000000060225082126/400965600000000400965632510280821000000000800023704159  000000000008200000000000000000000000000000000000000000000000000000000000000000000000000000000000000000000000000000000                          0000000000                                                                  000102
1021903727600017200000260206200016896                         00000000400968732494000000000000000000000000060225082126/400968700000000400968732494280821000000003000023704152  000000000008200000000000000000000000000000000000000000000000000000000000000000000000000000000000000000000000000000000                          0000000000                                                                  000103
1021903727600017200000260206200016896                         00000000400990776128000000000000000000000000060225082126/400990700000000400990776128280821000000006000023704157  000000000008200000000000000000000000000000000000000000000000000000000000000000000000000000000000000000000000000000000                          0000000000                                                                  000104
1021903727600017200000260206200016896                         00000000400997245594000000000000000000000000060225082126/400997200000000400997245594280821000000000800023704159  000000000008200000000000000000000000000000000000000000000000000000000000000000000000000000000000000000000000000000000                          0000000000                                                                  000105
1021903727600017200000260206200016896                         00000000600156259670000000000000000000000000060225082126/600156200000000600156259670280821000000000219923704151  000000000008200000000000000000000000000000000000000000000000000000000000000000000000000000000000000000000000000000000                          0000000000                                                                  000106
1021903727600017200000260206200016896                         00000000600260163626000000000000000000000000060225082126/600260100000000600260163626280821000000000169923700073  000000000008200000000000000000000000000000000000000000000000000000000000000000000000000000000000000000000000000000000                          0000000000                                                                  000107
1021903727600017200000260206200016896                         00000000600492073836000000000000000000000000060225082126/600492000000000600492073836280821000000000500023702062  000000000008200000000000000000000000000000000000000000000000000000000000000000000000000000000000000000000000000000000                          7600000000                                                                  000108
1021903727600017200000260206200016896                         00000000600798226776000000000000000000000000060225082126/600798200000000600798226776280821000000000269923704452  000000000008200000000000000000000000000000000000000000000000000000000000000000000000000000000000000000000000000000000                          7600000000                                                                  000109
1021903727600017200000260206200016896                         0000000020050572938P000000000000000000000000060625082126/20050570000000020050572938P270821000000000700034103767  000000000000000000000000000000000000000000000000000000000000000000000000000000000000000700000000000000000000000000000   260821             00000000000000                                                                  000110
1021903727600017200000260206200016896                         00000000400038906956000000000000000000000000060625082126/400038900000000400038906956280821000000010030065500001  000000000000000000000000000000000000000000000000000000000000000000000000000000000000010030000000000000000000000000000   260821             00000000000000                                                                  000111
1021903727600017200000260206200016896                         00000000400042780835000000000000000000000000060625082126/400042700000000400042780835280821000000003750010403880  000000000000000000000000000000000000000000000000000000000000000000000000000000000000003750000000000000000000000000000   260821             00000000000000                                                                  000112
1021903727600017200000260206200016896                         00000000400105207693000000000000000000000000060625082126/400105200000000400105207693280821000000005000010400648  000000000000000000000000000000000000000000000000000000000000000000000000000000000000005000000000000000000000000000000   260821             00000000000000                                                                  000113
1021903727600017200000260206200016896                         00000000400107498245000000000000000000000000060625082126/400107400000000400107498245280821000000011950034107476  000000000000000000000000000000000000000000000000000000000000000000000000000000000000011950000000000000000000000000000   260821             00000000000000                                                                  000114
1021903727600017200000260206200016896                         00000000400110520669000000000000000000000000060625082126/400110500000000400110520669280821000000000800065500001  000000000000000000000000000000000000000000000000000000000000000000000000000000000000000800000000000000000000000000000   260821             00000000000000                                                                  000115
1021903727600017200000260206200016896                         00000000400116616862000000000000000000000000060625082126/400116600000000400116616862280821000000000800065500001  000000000000000000000000000000000000000000000000000000000000000000000000000000000000000800000000000000000000000000000   260821             00000000000000                                                                  000116
1021903727600017200000260206200016896                         00000000400118065391000000000000000000000000060625082126/400118000000000400118065391280821000000001000000102020  000000000000000000000000000000000000000000000000000000000000000000000000000000000000001000000000000000000000000000000   260821             00000000000000                                                                  000117
1021903727600017200000260206200016896                         00000000400131711960000000000000000000000000060625082126/400131700000000400131711960270821000000002460065500001  000000000000000000000000000000000000000000000000000000000000000000000000000000000000002460000000000000000000000000000   260821             00000000000000                                                                  000118
1021903727600017200000260206200016896                         00000000400134281207000000000000000000000000060625082126/400134200000000400134281207280821000000000800065500001  000000000000000000000000000000000000000000000000000000000000000000000000000000000000000800000000000000000000000000000   260821             00000000000000                                                                  000119
1021903727600017200000260206200016896                         00000000400141440337000000000000000000000000060625082126/400141400000000400141440337280821000000000800065500001  000000000000000000000000000000000000000000000000000000000000000000000000000000000000000800000000000000000000000000000   260821             00000000000000                                                                  000120
1021903727600017200000260206200016896                         00000000400145930355000000000000000000000000060625082126/400145900000000400145930355280821000000000800075604327  000000000000000000000000000000000000000000000000000000000000000000000000000000000000000800000000000000000000000000000   260821             00000000000000                                                                  000121
1021903727600017200000260206200016896                         00000000400159095289000000000000000000000000060625082126/400159000000000400159095289280821000000000800065500001  000000000000000000000000000000000000000000000000000000000000000000000000000000000000000800000000000000000000000000000   260821             00000000000000                                                                  000122
1021903727600017200000260206200016896                         00000000400165152200000000000000000000000000060625082126/400165100000000400165152200280821000000002500010403880  000000000000000000000000000000000000000000000000000000000000000000000000000000000000002500000000000000000000000000000   260821             00000000000000                                                                  000123
1021903727600017200000260206200016896                         00000000400228487852000000000000000000000000060625082126/400228400000000400228487852280821000000000820075604327  000000000000000000000000000000000000000000000000000000000000000000000000000000000000000820000000000000000000000000000   260821             00000000000000                                                                  000124
1021903727600017200000260206200016896                         00000000400237430057000000000000000000000000060625082126/400237400000000400237430057280821000000000800075604327  000000000000000000000000000000000000000000000000000000000000000000000000000000000000000800000000000000000000000000000   260821             00000000000000                                                                  000125
1021903727600017200000260206200016896                         00000000400241876302000000000000000000000000060625082126/400241800000000400241876302280821000000008540075604327  000000000000000000000000000000000000000000000000000000000000000000000000000000000000008540000000000000000000000000000   260821             00000000000000                                                                  000126
1021903727600017200000260206200016896                         00000000400245724574000000000000000000000000060625082126/400245700000000400245724574280821000000000800065500001  000000000000000000000000000000000000000000000000000000000000000000000000000000000000000800000000000000000000000000000   260821             00000000000000                                                                  000127
1021903727600017200000260206200016896                         00000000400259729811000000000000000000000000060625082126/400259700000000400259729811280821000000000800065500001  000000000000000000000000000000000000000000000000000000000000000000000000000000000000000800000000000000000000000000000   260821             00000000000000                                                                  000128
1021903727600017200000260206200016896                         00000000400281226653000000000000000000000000060625082126/400281200000000400281226653280821000000001520004100377  000000000000000000000000000000000000000000000000000000000000000000000000000000000000001520000000000000000000000000000   260821             00000000000000                                                                  000129
1021903727600017200000260206200016896                         00000000400293163258000000000000000000000000060625082126/400293100000000400293163258280821000000000800075604327  000000000000000000000000000000000000000000000000000000000000000000000000000000000000000800000000000000000000000000000   260821             00000000000000                                                                  000130
1021903727600017200000260206200016896                         00000000400295031332000000000000000000000000060625082126/400295000000000400295031332280821000000003500004100117  000000000000000000000000000000000000000000000000000000000000000000000000000000000000003500000000000000000000000000000   260821             00000000000000                                                                  000131
1021903727600017200000260206200016896                         00000000400297421863000000000000000000000000060625082126/400297400000000400297421863280821000000012000007700001  000000000000000000000000000000000000000000000000000000000000000000000000000000000000012000000000000000000000000000000   260821             00000000000000                                                                  000132
1021903727600017200000260206200016896                         00000000400304555579000000000000000000000000060625082126/400304500000000400304555579280821000000004000010403136  000000000000000000000000000000000000000000000000000000000000000000000000000000000000004000000000000000000000000000000   260821             00000000000000                                                                  000133
1021903727600017200000260206200016896                         00000000400325742891000000000000000000000000060625082126/400325700000000400325742891280821000000001600010402089  000000000000000000000000000000000000000000000000000000000000000000000000000000000000001600000000000000000000000000000   260821             00000000000000                                                                  000134
1021903727600017200000260206200016896                         00000000400329871041000000000000000000000000060625082126/400329800000000400329871041280821000000008000026000001  000000000000000000000000000000000000000000000000000000000000000000000000000000000000008000000000000000000000000000000   260821             00000000000000                                                                  000135
1021903727600017200000260206200016896                         00000000400342900727000000000000000000000000060625082126/400342900000000400342900727280821000000025000000100128  000000000000000000000000000000000000000000000000000000000000000000000000000000000000025000000000000000000000000000000   260821             00000000000000                                                                  000136
1021903727600017200000260206200016896                         0000000040034432023P000000000000000000000000060625082126/40034430000000040034432023P280821000000000800065500001  000000000000000000000000000000000000000000000000000000000000000000000000000000000000000800000000000000000000000000000   260821             00000000000000                                                                  000137
1021903727600017200000260206200016896                         00000000400354414798000000000000000000000000060625082126/400354400000000400354414798270821000000005000003304048  000000000000000000000000000000000000000000000000000000000000000000000000000000000000005000000000000000000000000000000   260821             00000000000000                                                                  000138
1021903727600017200000260206200016896                         00000000400356490319000000000000000000000000060625082126/400356400000000400356490319280821000000001000010400041  000000000000000000000000000000000000000000000000000000000000000000000000000000000000001000000000000000000000000000000   260821             00000000000000                                                                  000139
1021903727600017200000260206200016896                         0000000040035929300P000000000000000000000000060625082126/40035920000000040035929300P280821000000000800065500001  000000000000000000000000000000000000000000000000000000000000000000000000000000000000000800000000000000000000000000000   260821             00000000000000                                                                  000140
1021903727600017200000260206200016896                         00000000400363332044000000000000000000000000060625082126/400363300000000400363332044280821000000000800075604327  000000000000000000000000000000000000000000000000000000000000000000000000000000000000000800000000000000000000000000000   260821             00000000000000                                                                  000141
1021903727600017200000260206200016896                         00000000400395474703000000000000000000000000060625082126/400395400000000400395474703270821000000001020065500001  000000000000000000000000000000000000000000000000000000000000000000000000000000000000001020000000000000000000000000000   260821             00000000000000                                                                  000142
1021903727600017200000260206200016896                         0000000040043265153P000000000000000000000000060625082126/40043260000000040043265153P280821000000000800065500001  000000000000000000000000000000000000000000000000000000000000000000000000000000000000000800000000000000000000000000000   260821             00000000000000                                                                  000143
1021903727600017200000260206200016896                         00000000400438329257000000000000000000000000060625082126/400438300000000400438329257270821000000002880010400422  000000000000000000000000000000000000000000000000000000000000000000000000000000000000002880000000000000000000000000000   260821             00000000000000                                                                  000144
1021903727600017200000260206200016896                         00000000400442964196000000000000000000000000060625082126/400442900000000400442964196270821000000020000000100128  000000000000000000000000000000000000000000000000000000000000000000000000000000000000020000000000000000000000000000000   260821             00000000000000                                                                  000145
1021903727600017200000260206200016896                         00000000400456816998000000000000000000000000060625082126/400456800000000400456816998280821000000003000023702835  000000000000000000000000000000000000000000000000000000000000000000000000000000000000003000000000000000000000000000000   260821             00000000000000                                                                  000146
1021903727600017200000260206200016896                         00000000400459348855000000000000000000000000060625082126/400459300000000400459348855280821000000000800075604327  000000000000000000000000000000000000000000000000000000000000000000000000000000000000000800000000000000000000000000000   260821             00000000000000                                                                  000147
1021903727600017200000260206200016896                         00000000400500344373000000000000000000000000060625082126/400500300000000400500344373280821000000000800065500001  000000000000000000000000000000000000000000000000000000000000000000000000000000000000000800000000000000000000000000000   260821             00000000000000                                                                  000148
1021903727600017200000260206200016896                         00000000400527985931000000000000000000000000060625082126/400527900000000400527985931280821000000011990034107476  000000000000000000000000000000000000000000000000000000000000000000000000000000000000011990000000000000000000000000000   260821             00000000000000                                                                  000149
1021903727600017200000260206200016896                         0000000040053099545P000000000000000000000000060625082126/40053090000000040053099545P280821000000000800075604327  000000000000000000000000000000000000000000000000000000000000000000000000000000000000000800000000000000000000000000000   260821             00000000000000                                                                  000150
1021903727600017200000260206200016896                         00000000400535563523000000000000000000000000060625082126/400535500000000400535563523280821000000000800063300001  000000000000000000000000000000000000000000000000000000000000000000000000000000000000000800000000000000000000000000000   260821             00000000000000                                                                  000151
1021903727600017200000260206200016896                         00000000400539946109000000000000000000000000060625082126/400539900000000400539946109280821000000001420010402491  000000000000000000000000000000000000000000000000000000000000000000000000000000000000001420000000000000000000000000000   260821             00000000000000                                                                  000152
1021903727600017200000260206200016896                         00000000400545699679000000000000000000000000060625082126/400545600000000400545699679280821000000000810075604327  000000000000000000000000000000000000000000000000000000000000000000000000000000000000000810000000000000000000000000000   260821             00000000000000                                                                  000153
1021903727600017200000260206200016896                         0000000040057292787P000000000000000000000000060625082126/40057290000000040057292787P260821000000001500010403119  000000000000000000000000000000000000000000000000000000000000000000000000000000000000001500000000000000000000000000000   260821             00000000000000                                                                  000154
1021903727600017200000260206200016896                         00000000400585334983000000000000000000000000060625082126/400585300000000400585334983280821000000005000023703052  000000000000000000000000000000000000000000000000000000000000000000000000000000000000005000000000000000000000000000000   260821             00000000000000                                                                  000155
1021903727600017200000260206200016896                         00000000400589750191000000000000000000000000060625082126/400589700000000400589750191280821000000000800065500001  000000000000000000000000000000000000000000000000000000000000000000000000000000000000000800000000000000000000000000000   260821             00000000000000                                                                  000156
1021903727600017200000260206200016896                         00000000400612050151000000000000000000000000060625082126/400612000000000400612050151270821000000000800075604327  000000000000000000000000000000000000000000000000000000000000000000000000000000000000000800000000000000000000000000000   260821             00000000000000                                                                  000157
1021903727600017200000260206200016896                         00000000400619157520000000000000000000000000060625082126/400619100000000400619157520280821000000002500010403880  000000000000000000000000000000000000000000000000000000000000000000000000000000000000002500000000000000000000000000000   260821             00000000000000                                                                  000158
1021903727600017200000260206200016896                         00000000400633001002000000000000000000000000060625082126/400633000000000400633001002280821000000000800065500001  000000000000000000000000000000000000000000000000000000000000000000000000000000000000000800000000000000000000000000000   260821             00000000000000                                                                  000159
1021903727600017200000260206200016896                         00000000400663732346000000000000000000000000060625082126/400663700000000400663732346280821000000000800063300001  000000000000000000000000000000000000000000000000000000000000000000000000000000000000000800000000000000000000000000000   260821             00000000000000                                                                  000160
1021903727600017200000260206200016896                         00000000400666070387000000000000000000000000060625082126/400666000000000400666070387280821000000000800065500001  000000000000000000000000000000000000000000000000000000000000000000000000000000000000000800000000000000000000000000000   260821             00000000000000                                                                  000161
1021903727600017200000260206200016896                         00000000400668732514000000000000000000000000060625082126/400668700000000400668732514280821000000012000034107476  000000000000000000000000000000000000000000000000000000000000000000000000000000000000012000000000000000000000000000000   260821             00000000000000                                                                  000162
1021903727600017200000260206200016896                         00000000400680531761000000000000000000000000060625082126/400680500000000400680531761280821000000000800065500001  000000000000000000000000000000000000000000000000000000000000000000000000000000000000000800000000000000000000000000000   260821             00000000000000                                                                  000163
1021903727600017200000260206200016896                         00000000400681415404000000000000000000000000060625082126/400681400000000400681415404280821000000000800065500001  000000000000000000000000000000000000000000000000000000000000000000000000000000000000000800000000000000000000000000000   260821             00000000000000                                                                  000164
1021903727600017200000260206200016896                         00000000400709102288000000000000000000000000060625082126/400709100000000400709102288280821000000000800075604327  000000000000000000000000000000000000000000000000000000000000000000000000000000000000000800000000000000000000000000000   260821             00000000000000                                                                  000165
1021903727600017200000260206200016896                         00000000400709274453000000000000000000000000060625082126/400709200000000400709274453280821000000000800075604327  000000000000000000000000000000000000000000000000000000000000000000000000000000000000000800000000000000000000000000000   260821             00000000000000                                                                  000166
1021903727600017200000260206200016896                         00000000400711251959000000000000000000000000060625082126/400711200000000400711251959280821000000001860010403136  000000000000000000000000000000000000000000000000000000000000000000000000000000000000001860000000000000000000000000000   260821             00000000000000                                                                  000167
1021903727600017200000260206200016896                         00000000400718727088000000000000000000000000060625082126/400718700000000400718727088280821000000006000010401859  000000000000000000000000000000000000000000000000000000000000000000000000000000000000006000000000000000000000000000000   260821             00000000000000                                                                  000168
1021903727600017200000260206200016896                         00000000400719155320000000000000000000000000060625082126/400719100000000400719155320280821000000006000075604327  000000000000000000000000000000000000000000000000000000000000000000000000000000000000006000000000000000000000000000000   260821             00000000000000                                                                  000169
1021903727600017200000260206200016896                         00000000400725137032000000000000000000000000060625082126/400725100000000400725137032280821000000000920075604327  000000000000000000000000000000000000000000000000000000000000000000000000000000000000000920000000000000000000000000000   260821             00000000000000                                                                  000170
1021903727600017200000260206200016896                         00000000400725952526000000000000000000000000060625082126/400725900000000400725952526280821000000004080075604327  000000000000000000000000000000000000000000000000000000000000000000000000000000000000004080000000000000000000000000000   260821             00000000000000                                                                  000171
1021903727600017200000260206200016896                         0000000040072963653P000000000000000000000000060625082126/40072960000000040072963653P280821000000009770010400169  000000000000000000000000000000000000000000000000000000000000000000000000000000000000009770000000000000000000000000000   260821             00000000000000                                                                  000172
1021903727600017200000260206200016896                         00000000400733404104000000000000000000000000060625082126/400733400000000400733404104280821000000002500010403880  000000000000000000000000000000000000000000000000000000000000000000000000000000000000002500000000000000000000000000000   260821             00000000000000                                                                  000173
1021903727600017200000260206200016896                         00000000400735885231000000000000000000000000060625082126/400735800000000400735885231280821000000004000075600399  000000000000000000000000000000000000000000000000000000000000000000000000000000000000004000000000000000000000000000000   260821             00000000000000                                                                  000174
1021903727600017200000260206200016896                         00000000400754570470000000000000000000000000060625082126/400754500000000400754570470280821000000005000000100922  000000000000000000000000000000000000000000000000000000000000000000000000000000000000005000000000000000000000000000000   260821             00000000000000                                                                  000175
1021903727600017200000260206200016896                         00000000400757756435000000000000000000000000060625082126/400757700000000400757756435260821000000000800065500001  000000000000000000000000000000000000000000000000000000000000000000000000000000000000000800000000000000000000000000000   260821             00000000000000                                                                  000176
1021903727600017200000260206200016896                         00000000400770505832000000000000000000000000060625082126/400770500000000400770505832280821000000011970034107476  000000000000000000000000000000000000000000000000000000000000000000000000000000000000011970000000000000000000000000000   260821             00000000000000                                                                  000177
1021903727600017200000260206200016896                         00000000400771007682000000000000000000000000060625082126/400771000000000400771007682280821000000000800065500001  000000000000000000000000000000000000000000000000000000000000000000000000000000000000000800000000000000000000000000000   260821             00000000000000                                                                  000178
1021903727600017200000260206200016896                         00000000400788019749000000000000000000000000060625082126/400788000000000400788019749280821000000000800065500001  000000000000000000000000000000000000000000000000000000000000000000000000000000000000000800000000000000000000000000000   260821             00000000000000                                                                  000179
1021903727600017200000260206200016896                         0000000040079887972P000000000000000000000000060625082126/40079880000000040079887972P280821000000002500010403880  000000000000000000000000000000000000000000000000000000000000000000000000000000000000002500000000000000000000000000000   260821             00000000000000                                                                  000180
1021903727600017200000260206200016896                         00000000400809749785000000000000000000000000060625082126/400809700000000400809749785280821000000003000023702151  000000000000000000000000000000000000000000000000000000000000000000000000000000000000003000000000000000000000000000000   260821             00000000000000                                                                  000181
1021903727600017200000260206200016896                         00000000400811406909000000000000000000000000060625082126/400811400000000400811406909280821000000003000010400041  000000000000000000000000000000000000000000000000000000000000000000000000000000000000003000000000000000000000000000000   260821             00000000000000                                                                  000182
1021903727600017200000260206200016896                         00000000400814994364000000000000000000000000060625082126/400814900000000400814994364280821000000002500010403880  000000000000000000000000000000000000000000000000000000000000000000000000000000000000002500000000000000000000000000000   260821             00000000000000                                                                  000183
1021903727600017200000260206200016896                         00000000400820473686000000000000000000000000060625082126/400820400000000400820473686280821000000011980034107476  000000000000000000000000000000000000000000000000000000000000000000000000000000000000011980000000000000000000000000000   260821             00000000000000                                                                  000184
1021903727600017200000260206200016896                         00000000400820702758000000000000000000000000060625082126/400820700000000400820702758280821000000000800075604327  000000000000000000000000000000000000000000000000000000000000000000000000000000000000000800000000000000000000000000000   260821             00000000000000                                                                  000185
1021903727600017200000260206200016896                         00000000400835680203000000000000000000000000060625082126/400835600000000400835680203280821000000000800065500001  000000000000000000000000000000000000000000000000000000000000000000000000000000000000000800000000000000000000000000000   260821             00000000000000                                                                  000186
1021903727600017200000260206200016896                         00000000400863357175000000000000000000000000060625082126/400863300000000400863357175280821000000000800065500001  000000000000000000000000000000000000000000000000000000000000000000000000000000000000000800000000000000000000000000000   260821             00000000000000                                                                  000187
1021903727600017200000260206200016896                         00000000400900552595000000000000000000000000060625082126/400900500000000400900552595280821000000000800065500001  000000000000000000000000000000000000000000000000000000000000000000000000000000000000000800000000000000000000000000000   260821             00000000000000                                                                  000188
1021903727600017200000260206200016896                         00000000400907274663000000000000000000000000060625082126/400907200000000400907274663280821000000008000075600399  000000000000000000000000000000000000000000000000000000000000000000000000000000000000008000000000000000000000000000000   260821             00000000000000                                                                  000189
1021903727600017200000260206200016896                         0000000040091007120P000000000000000000000000060625082126/40091000000000040091007120P280821000000000800065500001  000000000000000000000000000000000000000000000000000000000000000000000000000000000000000800000000000000000000000000000   260821             00000000000000                                                                  000190
1021903727600017200000260206200016896                         00000000400923652511000000000000000000000000060625082126/400923600000000400923652511280821000000005000021200001  000000000000000000000000000000000000000000000000000000000000000000000000000000000000005000000000000000000000000000000   260821             00000000000000                                                                  000191
1021903727600017200000260206200016896                         00000000400932594567000000000000000000000000060625082126/400932500000000400932594567280821000000002630075604327  000000000000000000000000000000000000000000000000000000000000000000000000000000000000002630000000000000000000000000000   260821             00000000000000                                                                  000192
1021903727600017200000260206200016896                         00000000400934979814000000000000000000000000060625082126/400934900000000400934979814260821000000001350023702159  000000000000000000000000000000000000000000000000000000000000000000000000000000000000001350000000000000000000000000000   260821             00000000000000                                                                  000193
1021903727600017200000260206200016896                         00000000400950245839000000000000000000000000060625082126/400950200000000400950245839280821000000000800065500001  000000000000000000000000000000000000000000000000000000000000000000000000000000000000000800000000000000000000000000000   260821             00000000000000                                                                  000194
1021903727600017200000260206200016896                         00000000400950990127000000000000000000000000060625082126/400950900000000400950990127280821000000003000010403711  000000000000000000000000000000000000000000000000000000000000000000000000000000000000003000000000000000000000000000000   260821             00000000000000                                                                  000195
1021903727600017200000260206200016896                         00000000400968732494000000000000000000000000060625082126/400968700000000400968732494280821000000003000023700536  000000000000000000000000000000000000000000000000000000000000000000000000000000000000003000000000000000000000000000000   260821             00000000000000                                                                  000196
1021903727600017200000260206200016896                         00000000400990776128000000000000000000000000060625082126/400990700000000400990776128280821000000006000021200001  000000000000000000000000000000000000000000000000000000000000000000000000000000000000006000000000000000000000000000000   260821             00000000000000                                                                  000197
1021903727600017200000260206200016896                         00000000400997245594000000000000000000000000060625082126/400997200000000400997245594280821000000000800065500001  000000000000000000000000000000000000000000000000000000000000000000000000000000000000000800000000000000000000000000000   260821             00000000000000                                                                  000198
1021903727600017200000260206200016896                         00000000600156259670000000000000000000000000060625082126/600156200000000600156259670280821000000000219921200001  000000000000000000000000000000000000000000000000000000000000000000000000000000000000000219900000000000000000000000000   260821             00000000000000                                                                  000199
1021903727600017200000260206200016896                         00000000600492073836000000000000000000000000060625082126/600492000000000600492073836280821000000000500065500001  000000000000000000000000000000000000000000000000000000000000000000000000000000000000000500000000000000000000000000000   260821             00000000000000                                                                  000200
1021903727600017200000260206200016896                         00000000200076129301000000000000000000000000061025082126/200076100000000200076129301250621000000001506823700000  000000000000000000000000000000000000000000000000000000000000000000000000000000000000000000000000000000000000000000000                          1600000000                                                                  000201
1021903727600017200000260206200016896                         00000000200184248643000000000000000000000000061025082126/200184200000000200184248643250621000000000119923700000  000000000000000000000000000000000000000000000000000000000000000000000000000000000000000000000000000000000000000000000                          1600000000                                                                  000202
1021903727600017200000260206200016896                         0000000020025604715P000000000000000000000000061025082126/20025600000000020025604715P250621000000000500023700000  000000000000000000000000000000000000000000000000000000000000000000000000000000000000000000000000000000000000000000000                          1600000000                                                                  000203
1021903727600017200000260206200016896                         00000000200271797939000000000000000000000000061025082126/200271700000000200271797939250621000000000501823700000  000000000000000000000000000000000000000000000000000000000000000000000000000000000000000000000000000000000000000000000                          1600000000                                                                  000204
1021903727600017200000260206200016896                         00000000200479847956000000000000000000000000061025082126/200479800000000200479847956250621000000000049923700000  000000000000000000000000000000000000000000000000000000000000000000000000000000000000000000000000000000000000000000000                          1600000000                                                                  000205
1021903727600017200000260206200016896                         0000000040028554286P000000000000000000000000061025082126/40028550000000040028554286P250621000000002750023700000  000000000000000000000000000000000000000000000000000000000000000000000000000000000000000000000000000000000000000000000                          1600000000                                                                  000206
1021903727600017200000260206200016896                         00000000400494185268000000000000000000000000061025082126/400494100000000400494185268250621000000003000023700000  000000000000000000000000000000000000000000000000000000000000000000000000000000000000000000000000000000000000000000000                          1600000000                                                                  000207
1021903727600017200000260206200016896                         00000000400642380636000000000000000000000000061025082126/400642300000000400642380636250621000000000800023700000  000000000000000000000000000000000000000000000000000000000000000000000000000000000000000000000000000000000000000000000                          1600000000                                                                  000208
1021903727600017200000260206200016896                         00000000600188239248000000000000000000000000061025082126/600188200000000600188239248250621000000000069923700000  000000000000000000000000000000000000000000000000000000000000000000000000000000000000000000000000000000000000000000000                          1600000000                                                                  000209
9201237          000006510000001186819200000753          00108000003065445000003048699000910000030486990000900000009298300000000000000000000000000000000000000000000000000000000000000000000                                                                                                                                                                              00000000000000000000000         000210
