02RETORNO01COBRANCA       00000000000005034448E-PREPAG ADMINISTRADORA DE CAR237BRADESCO       2612220160000001087                                                                                                                                                                                                                                                                          271222         000001
1021903727600017200000260206200016896                         00000000200367101935000000000000000000000000060226122226/200367100000000200367101935291222000000003422123704400  000000000008200000000000000000000000000000000000000000000000000000000000000000000000000000000000000000000000000000000                          0000000000                                                                  000002
1021903727600017200000260206200016896                         00000000200931928691000000000000000000000000060226122226/200931900000000200931928691271222000000000277723704151  000000000008200000000000000000000000000000000000000000000000000000000000000000000000000000000000000000000000000000000                          0000000000                                                                  000003
1021903727600017200000260206200016896                         00000000400251919999000000000000000000000000060226122226/400251900000000400251919999291222000000013710023704157  000000000008200000000000000000000000000000000000000000000000000000000000000000000000000000000000000000000000000000000                          0000000000                                                                  000004
1021903727600017200000260206200016896                         00000000400304827323000000000000000000000000060226122226/400304800000000400304827323281222000000003000023704159  000000000008200000000000000000000000000000000000000000000000000000000000000000000000000000000000000000000000000000000                          0000000000                                                                  000005
1021903727600017200000260206200016896                         00000000400371163162000000000000000000000000060226122226/400371100000000400371163162291222000000005000023704159  000000000008200000000000000000000000000000000000000000000000000000000000000000000000000000000000000000000000000000000                          0000000000                                                                  000006
1021903727600017200000260206200016896                         00000000400495638533000000000000000000000000060226122226/400495600000000400495638533281222000000000800023704159  000000000008200000000000000000000000000000000000000000000000000000000000000000000000000000000000000000000000000000000                          0000000000                                                                  000007
1021903727600017200000260206200016896                         00000000400525506785000000000000000000000000060226122226/400525500000000400525506785291222000000003500023700140  000000000008200000000000000000000000000000000000000000000000000000000000000000000000000000000000000000000000000000000                          0000000000                                                                  000008
1021903727600017200000260206200016896                         00000000400528318599000000000000000000000000060226122226/400528300000000400528318599291222000000001500023704452  000000000008200000000000000000000000000000000000000000000000000000000000000000000000000000000000000000000000000000000                          0000000000                                                                  000009
1021903727600017200000260206200016896                         00000000400599845549000000000000000000000000060226122226/400599800000000400599845549281222000000001500023704152  000000000008200000000000000000000000000000000000000000000000000000000000000000000000000000000000000000000000000000000                          0000000000                                                                  000010
1021903727600017200000260206200016896                         00000000400687537234000000000000000000000000060226122226/400687500000000400687537234291222000000001500023704158  000000000008200000000000000000000000000000000000000000000000000000000000000000000000000000000000000000000000000000000                          0000000000                                                                  000011
1021903727600017200000260206200016896                         00000000400758526808000000000000000000000000060226122226/400758500000000400758526808291222000000099000023704151  000000000008200000000000000000000000000000000000000000000000000000000000000000000000000000000000000000000000000000000                          7600000000                                                                  000012
1021903727600017200000260206200016896                         00000000400769324379000000000000000000000000060226122226/400769300000000400769324379291222000000005920023702062  000000000008200000000000000000000000000000000000000000000000000000000000000000000000000000000000000000000000000000000                          0000000000                                                                  000013
1021903727600017200000260206200016896                         00000000200367101935000000000000000000000000060626122226/200367100000000200367101935291222000000003422110400213  000000000000000000000000000000000000000000000000000000000000000000000000000000000000003422100000000000000000000000000   271222             00000000000000                                                                  000014
1021903727600017200000260206200016896                         00000000200931928691000000000000000000000000060626122226/200931900000000200931928691271222000000000277734100748  000000000000000000000000000000000000000000000000000000000000000000000000000000000000000277700000000000000000000000000   271222             00000000000000                                                                  000015
1021903727600017200000260206200016896                         00000000400251919999000000000000000000000000060626122226/400251900000000400251919999291222000000013710063300001  000000000000000000000000000000000000000000000000000000000000000000000000000000000000013710000000000000000000000000000   271222             00000000000000                                                                  000016
1021903727600017200000260206200016896                         00000000400371163162000000000000000000000000060626122226/400371100000000400371163162291222000000005000010402192  000000000000000000000000000000000000000000000000000000000000000000000000000000000000005000000000000000000000000000000   271222             00000000000000                                                                  000017
1021903727600017200000260206200016896                         00000000400495638533000000000000000000000000060626122226/400495600000000400495638533281222000000000800063300001  000000000000000000000000000000000000000000000000000000000000000000000000000000000000000800000000000000000000000000000   271222             00000000000000                                                                  000018
1021903727600017200000260206200016896                         00000000400525506785000000000000000000000000060626122226/400525500000000400525506785291222000000003500075604327  000000000000000000000000000000000000000000000000000000000000000000000000000000000000003500000000000000000000000000000   271222             00000000000000                                                                  000019
1021903727600017200000260206200016896                         00000000400758526808000000000000000000000000060626122226/400758500000000400758526808291222000000099000021200001  000000000000000000000000000000000000000000000000000000000000000000000000000000000000099000000000000000000000000000000   271222             00000000000000                                                                  000020
1021903727600017200000260206200016896                         00000000400769324379000000000000000000000000060626122226/400769300000000400769324379291222000000005920010402257  000000000000000000000000000000000000000000000000000000000000000000000000000000000000005920000000000000000000000000000   271222             00000000000000                                                                  000021
1021903727600017200000260206200016896                         00000000200891902376000000000000000000000000061026122226/200891900000000200891902376261022000000000930323700000  000000000000000000000000000000000000000000000000000000000000000000000000000000000000000000000000000000000000000000000                          1600000000                                                                  000022
9201237          000001350000000890274800001087          00012000001391298000001316298000080000013162980000100000000930300000000000000000000000000000000000000000000000000000000000000000000                                                                                                                                                                              00000000000000000000000         000023
