02RETORNO01COBRANCA       00000000000005034448E-PREPAG ADMINISTRADORA DE CAR237BRADESCO       2608210160000000754                                                                                                                                                                                                                                                                          270821         000001
1021903727600017200000260206200016896                         00000000200143437318000000000000000000000000060226082126/200143400000000200143437318290821000000000319923704400  000000000000000000000000000000000000000000000000000000000000000000000000000000000000000000000000000000000000000000000                          0000000000                                                                  000002
1021903727600017200000260206200016896                         00000000200413303181000000000000000000000000060226082126/200413300000000200413303181290821000000000269923704152  000000000008200000000000000000000000000000000000000000000000000000000000000000000000000000000000000000000000000000000                          0000000000                                                                  000003
1021903727600017200000260206200016896                         0000000020055646500P000000000000000000000000060226082126/20055640000000020055646500P290821000000000282123704424  000000000000000000000000000000000000000000000000000000000000000000000000000000000000000000000000000000000000000000000                          0000000000                                                                  000004
1021903727600017200000260206200016896                         00000000200768718609000000000000000000000000060226082126/200768700000000200768718609290821000000000369923704400  000000000000000000000000000000000000000000000000000000000000000000000000000000000000000000000000000000000000000000000                          0000000000                                                                  000005
1021903727600017200000260206200016896                         00000000400045129744000000000000000000000000060226082126/400045100000000400045129744290821000000009000023700153  000000000008200000000000000000000000000000000000000000000000000000000000000000000000000000000000000000000000000000000                          0000000000                                                                  000006
1021903727600017200000260206200016896                         00000000400047877101000000000000000000000000060226082126/400047800000000400047877101290821000000001000023700435  000000000008200000000000000000000000000000000000000000000000000000000000000000000000000000000000000000000000000000000                          0000000000                                                                  000007
1021903727600017200000260206200016896                         00000000400052187385000000000000000000000000060226082126/400052100000000400052187385290821000000000800023704159  000000000008200000000000000000000000000000000000000000000000000000000000000000000000000000000000000000000000000000000                          0000000000                                                                  000008
1021903727600017200000260206200016896                         00000000400068272536000000000000000000000000060226082126/400068200000000400068272536290821000000000940023704422  000000000008200000000000000000000000000000000000000000000000000000000000000000000000000000000000000000000000000000000                          0000000000                                                                  000009
1021903727600017200000260206200016896                         00000000400072488772000000000000000000000000060226082126/400072400000000400072488772290821000000001020023703162  000000000000000000000000000000000000000000000000000000000000000000000000000000000000000000000000000000000000000000000                          0000000000                                                                  000010
1021903727600017200000260206200016896                         00000000400128824274000000000000000000000000060226082126/400128800000000400128824274290821000000007000023704143  000000000008200000000000000000000000000000000000000000000000000000000000000000000000000000000000000000000000000000000                          7600000000                                                                  000011
1021903727600017200000260206200016896                         00000000400171011481000000000000000000000000060226082126/400171000000000400171011481290821000000020000023704159  000000000008200000000000000000000000000000000000000000000000000000000000000000000000000000000000000000000000000000000                          0000000000                                                                  000012
1021903727600017200000260206200016896                         00000000400211961143000000000000000000000000060226082126/400211900000000400211961143290821000000000930023700405  000000000008200000000000000000000000000000000000000000000000000000000000000000000000000000000000000000000000000000000                          0000000000                                                                  000013
1021903727600017200000260206200016896                         00000000400233136987000000000000000000000000060226082126/400233100000000400233136987290821000000003980023700140  000000000008200000000000000000000000000000000000000000000000000000000000000000000000000000000000000000000000000000000                          0000000000                                                                  000014
1021903727600017200000260206200016896                         00000000400244662311000000000000000000000000060226082126/400244600000000400244662311290821000000000800023704159  000000000008200000000000000000000000000000000000000000000000000000000000000000000000000000000000000000000000000000000                          0000000000                                                                  000015
1021903727600017200000260206200016896                         00000000400259342909000000000000000000000000060226082126/400259300000000400259342909290821000000005000023704154  000000000008200000000000000000000000000000000000000000000000000000000000000000000000000000000000000000000000000000000                          0000000000                                                                  000016
1021903727600017200000260206200016896                         00000000400270115299000000000000000000000000060226082126/400270100000000400270115299290821000000001500023704159  000000000008200000000000000000000000000000000000000000000000000000000000000000000000000000000000000000000000000000000                          0000000000                                                                  000017
1021903727600017200000260206200016896                         00000000400281701238000000000000000000000000060226082126/400281700000000400281701238290821000000000800023704452  000000000008200000000000000000000000000000000000000000000000000000000000000000000000000000000000000000000000000000000                          0000000000                                                                  000018
1021903727600017200000260206200016896                         00000000400289751633000000000000000000000000060226082126/400289700000000400289751633290821000000000800023704159  000000000008200000000000000000000000000000000000000000000000000000000000000000000000000000000000000000000000000000000                          0000000000                                                                  000019
1021903727600017200000260206200016896                         00000000400322790909000000000000000000000000060226082126/400322700000000400322790909290821000000001500023700153  000000000008200000000000000000000000000000000000000000000000000000000000000000000000000000000000000000000000000000000                          0000000000                                                                  000020
1021903727600017200000260206200016896                         00000000400328621807000000000000000000000000060226082126/400328600000000400328621807290821000000001500023704452  000000000008200000000000000000000000000000000000000000000000000000000000000000000000000000000000000000000000000000000                          7600000000                                                                  000021
1021903727600017200000260206200016896                         00000000400337087007000000000000000000000000060226082126/400337000000000400337087007290821000000001570023704143  000000000008200000000000000000000000000000000000000000000000000000000000000000000000000000000000000000000000000000000                          0000000000                                                                  000022
1021903727600017200000260206200016896                         0000000040038694831P000000000000000000000000060226082126/40038690000000040038694831P290821000000003000023704144  000000000008200000000000000000000000000000000000000000000000000000000000000000000000000000000000000000000000000000000                          0000000000                                                                  000023
1021903727600017200000260206200016896                         00000000400393064192000000000000000000000000060226082126/400393000000000400393064192290821000000011570023700140  000000000008200000000000000000000000000000000000000000000000000000000000000000000000000000000000000000000000000000000                          0000000000                                                                  000024
1021903727600017200000260206200016896                         00000000400401944261000000000000000000000000060226082126/400401900000000400401944261290821000000001010023704452  000000000008200000000000000000000000000000000000000000000000000000000000000000000000000000000000000000000000000000000                          7600000000                                                                  000025
1021903727600017200000260206200016896                         00000000400426090224000000000000000000000000060226082126/400426000000000400426090224290821000000010000023704428  000000000008200000000000000000000000000000000000000000000000000000000000000000000000000000000000000000000000000000000                          0000000000                                                                  000026
1021903727600017200000260206200016896                         00000000400453444704000000000000000000000000060226082126/400453400000000400453444704290821000000001030023704452  000000000008200000000000000000000000000000000000000000000000000000000000000000000000000000000000000000000000000000000                          7600000000                                                                  000027
1021903727600017200000260206200016896                         00000000400467410896000000000000000000000000060226082126/400467400000000400467410896290821000000001660023700389  000000000008200000000000000000000000000000000000000000000000000000000000000000000000000000000000000000000000000000000                          0000000000                                                                  000028
1021903727600017200000260206200016896                         00000000400475891151000000000000000000000000060226082126/400475800000000400475891151290821000000002500023704424  000000000008200000000000000000000000000000000000000000000000000000000000000000000000000000000000000000000000000000000                          0000000000                                                                  000029
1021903727600017200000260206200016896                         00000000400481041623000000000000000000000000060226082126/400481000000000400481041623290821000000004200023704159  000000000008200000000000000000000000000000000000000000000000000000000000000000000000000000000000000000000000000000000                          0000000000                                                                  000030
1021903727600017200000260206200016896                         00000000400495240815000000000000000000000000060226082126/400495200000000400495240815290821000000005000023704159  000000000008200000000000000000000000000000000000000000000000000000000000000000000000000000000000000000000000000000000                          0000000000                                                                  000031
1021903727600017200000260206200016896                         00000000400516542507000000000000000000000000060226082126/400516500000000400516542507290821000000003750023704157  000000000008200000000000000000000000000000000000000000000000000000000000000000000000000000000000000000000000000000000                          0000000000                                                                  000032
1021903727600017200000260206200016896                         00000000400516764704000000000000000000000000060226082126/400516700000000400516764704290821000000003500023704452  000000000008200000000000000000000000000000000000000000000000000000000000000000000000000000000000000000000000000000000                          0000000000                                                                  000033
1021903727600017200000260206200016896                         00000000400533980089000000000000000000000000060226082126/400533900000000400533980089290821000000004460023702062  000000000008200000000000000000000000000000000000000000000000000000000000000000000000000000000000000000000000000000000                          0000000000                                                                  000034
1021903727600017200000260206200016896                         00000000400544483184000000000000000000000000060226082126/400544400000000400544483184290821000000002500023704424  000000000008200000000000000000000000000000000000000000000000000000000000000000000000000000000000000000000000000000000                          0000000000                                                                  000035
1021903727600017200000260206200016896                         00000000400577586116000000000000000000000000060226082126/400577500000000400577586116290821000000001500023700389  000000000008200000000000000000000000000000000000000000000000000000000000000000000000000000000000000000000000000000000                          0000000000                                                                  000036
1021903727600017200000260206200016896                         00000000400579419179000000000000000000000000060226082126/400579400000000400579419179290821000000012000023704143  000000000008200000000000000000000000000000000000000000000000000000000000000000000000000000000000000000000000000000000                          0000000000                                                                  000037
1021903727600017200000260206200016896                         00000000400580616301000000000000000000000000060226082126/400580600000000400580616301290821000000002000023704400  000000000008200000000000000000000000000000000000000000000000000000000000000000000000000000000000000000000000000000000                          0000000000                                                                  000038
1021903727600017200000260206200016896                         00000000400581140653000000000000000000000000060226082126/400581100000000400581140653290821000000012000023704154  000000000008200000000000000000000000000000000000000000000000000000000000000000000000000000000000000000000000000000000                          0000000000                                                                  000039
1021903727600017200000260206200016896                         00000000400584185542000000000000000000000000060226082126/400584100000000400584185542290821000000009000023700321  000000000008200000000000000000000000000000000000000000000000000000000000000000000000000000000000000000000000000000000                          0000000000                                                                  000040
1021903727600017200000260206200016896                         00000000400610513499000000000000000000000000060226082126/400610500000000400610513499290821000000003500023703162  000000000008200000000000000000000000000000000000000000000000000000000000000000000000000000000000000000000000000000000                          0000000000                                                                  000041
1021903727600017200000260206200016896                         0000000040061998401P000000000000000000000000060226082126/40061990000000040061998401P290821000000012000023704144  000000000008200000000000000000000000000000000000000000000000000000000000000000000000000000000000000000000000000000000                          0000000000                                                                  000042
1021903727600017200000260206200016896                         00000000400649561539000000000000000000000000060226082126/400649500000000400649561539290821000000002000023704143  000000000008200000000000000000000000000000000000000000000000000000000000000000000000000000000000000000000000000000000                          0000000000                                                                  000043
1021903727600017200000260206200016896                         00000000400666017923000000000000000000000000060226082126/400666000000000400666017923290821000000012000023700320  000000000008200000000000000000000000000000000000000000000000000000000000000000000000000000000000000000000000000000000                          0000000000                                                                  000044
1021903727600017200000260206200016896                         00000000400722111482000000000000000000000000060226082126/400722100000000400722111482290821000000001400023704426  000000000008200000000000000000000000000000000000000000000000000000000000000000000000000000000000000000000000000000000                          0000000000                                                                  000045
1021903727600017200000260206200016896                         0000000040073266790P000000000000000000000000060226082126/40073260000000040073266790P290821000000005000023704602  000000000008200000000000000000000000000000000000000000000000000000000000000000000000000000000000000000000000000000000                          0000000000                                                                  000046
1021903727600017200000260206200016896                         00000000400737887304000000000000000000000000060226082126/400737800000000400737887304290821000000001000023704151  000000000008200000000000000000000000000000000000000000000000000000000000000000000000000000000000000000000000000000000                          0000000000                                                                  000047
1021903727600017200000260206200016896                         00000000400746958427000000000000000000000000060226082126/400746900000000400746958427290821000000012000023704158  000000000008200000000000000000000000000000000000000000000000000000000000000000000000000000000000000000000000000000000                          0000000000                                                                  000048
1021903727600017200000260206200016896                         00000000400753905355000000000000000000000000060226082126/400753900000000400753905355290821000000000800023704159  000000000008200000000000000000000000000000000000000000000000000000000000000000000000000000000000000000000000000000000                          0000000000                                                                  000049
1021903727600017200000260206200016896                         00000000400757919946000000000000000000000000060226082126/400757900000000400757919946290821000000002270023704452  000000000000000000000000000000000000000000000000000000000000000000000000000000000000000000000000000000000000000000000                          7600000000                                                                  000050
1021903727600017200000260206200016896                         00000000400771706165000000000000000000000000060226082126/400771700000000400771706165290821000000001000023700320  000000000008200000000000000000000000000000000000000000000000000000000000000000000000000000000000000000000000000000000                          0000000000                                                                  000051
1021903727600017200000260206200016896                         00000000400782260541000000000000000000000000060226082126/400782200000000400782260541290821000000001000023704158  000000000008200000000000000000000000000000000000000000000000000000000000000000000000000000000000000000000000000000000                          0000000000                                                                  000052
1021903727600017200000260206200016896                         00000000400783807455000000000000000000000000060226082126/400783800000000400783807455290821000000002000023704428  000000000008200000000000000000000000000000000000000000000000000000000000000000000000000000000000000000000000000000000                          0000000000                                                                  000053
1021903727600017200000260206200016896                         00000000400793114407000000000000000000000000060226082126/400793100000000400793114407290821000000001500023704424  000000000008200000000000000000000000000000000000000000000000000000000000000000000000000000000000000000000000000000000                          0000000000                                                                  000054
1021903727600017200000260206200016896                         00000000400795520550000000000000000000000000060226082126/400795500000000400795520550290821000000001000023704143  000000000008200000000000000000000000000000000000000000000000000000000000000000000000000000000000000000000000000000000                          0000000000                                                                  000055
1021903727600017200000260206200016896                         00000000400811003472000000000000000000000000060226082126/400811000000000400811003472290821000000025000023700321  000000000008200000000000000000000000000000000000000000000000000000000000000000000000000000000000000000000000000000000                          0000000000                                                                  000056
1021903727600017200000260206200016896                         00000000400828096393000000000000000000000000060226082126/400828000000000400828096393290821000000004500023704143  000000000008200000000000000000000000000000000000000000000000000000000000000000000000000000000000000000000000000000000                          0000000000                                                                  000057
1021903727600017200000260206200016896                         0000000040083895228P000000000000000000000000060226082126/40083890000000040083895228P290821000000000800023704452  000000000008200000000000000000000000000000000000000000000000000000000000000000000000000000000000000000000000000000000                          0000000000                                                                  000058
1021903727600017200000260206200016896                         00000000400859116953000000000000000000000000060226082126/400859100000000400859116953290821000000001510023700140  000000000008200000000000000000000000000000000000000000000000000000000000000000000000000000000000000000000000000000000                          0000000000                                                                  000059
1021903727600017200000260206200016896                         00000000400874024372000000000000000000000000060226082126/400874000000000400874024372290821000000007000023704144  000000000008200000000000000000000000000000000000000000000000000000000000000000000000000000000000000000000000000000000                          0000000000                                                                  000060
1021903727600017200000260206200016896                         00000000400885524326000000000000000000000000060226082126/400885500000000400885524326290821000000003500023704452  000000000008200000000000000000000000000000000000000000000000000000000000000000000000000000000000000000000000000000000                          0000000000                                                                  000061
1021903727600017200000260206200016896                         0000000040088913106P000000000000000000000000060226082126/40088910000000040088913106P290821000000002500023700153  000000000008200000000000000000000000000000000000000000000000000000000000000000000000000000000000000000000000000000000                          0000000000                                                                  000062
1021903727600017200000260206200016896                         00000000400894830219000000000000000000000000060226082126/400894800000000400894830219290821000000001500023704154  000000000008200000000000000000000000000000000000000000000000000000000000000000000000000000000000000000000000000000000                          0000000000                                                                  000063
1021903727600017200000260206200016896                         00000000400905062979000000000000000000000000060226082126/400905000000000400905062979290821000000010000023704452  000000000008200000000000000000000000000000000000000000000000000000000000000000000000000000000000000000000000000000000                          0000000000                                                                  000064
1021903727600017200000260206200016896                         00000000400911843214000000000000000000000000060226082126/400911800000000400911843214290821000000002000023704158  000000000008200000000000000000000000000000000000000000000000000000000000000000000000000000000000000000000000000000000                          0000000000                                                                  000065
1021903727600017200000260206200016896                         0000000040091680134P000000000000000000000000060226082126/40091680000000040091680134P290821000000008250023700153  000000000008200000000000000000000000000000000000000000000000000000000000000000000000000000000000000000000000000000000                          0000000000                                                                  000066
1021903727600017200000260206200016896                         00000000400936058732000000000000000000000000060226082126/400936000000000400936058732290821000000006250023700321  000000000008200000000000000000000000000000000000000000000000000000000000000000000000000000000000000000000000000000000                          0000000000                                                                  000067
1021903727600017200000260206200016896                         00000000400958759858000000000000000000000000060226082126/400958700000000400958759858290821000000002830023704452  000000000008200000000000000000000000000000000000000000000000000000000000000000000000000000000000000000000000000000000                          0000000000                                                                  000068
1021903727600017200000260206200016896                         00000000400959352972000000000000000000000000060226082126/400959300000000400959352972290821000000007000023704452  000000000008200000000000000000000000000000000000000000000000000000000000000000000000000000000000000000000000000000000                          0000000000                                                                  000069
1021903727600017200000260206200016896                         00000000400964821042000000000000000000000000060226082126/400964800000000400964821042290821000000001980023700153  000000000008200000000000000000000000000000000000000000000000000000000000000000000000000000000000000000000000000000000                          0000000000                                                                  000070
1021903727600017200000260206200016896                         0000000040099732575P000000000000000000000000060226082126/40099730000000040099732575P290821000000000800023704159  000000000008200000000000000000000000000000000000000000000000000000000000000000000000000000000000000000000000000000000                          0000000000                                                                  000071
1021903727600017200000260206200016896                         00000000600760183577000000000000000000000000060226082126/600760100000000600760183577290821000000000500023704424  000000000008200000000000000000000000000000000000000000000000000000000000000000000000000000000000000000000000000000000                          0000000000                                                                  000072
1021903727600017200000260206200016896                         00000000400047877101000000000000000000000000060626082126/400047800000000400047877101290821000000001000010400737  000000000000000000000000000000000000000000000000000000000000000000000000000000000000001000000000000000000000000000000   270821             00000000000000                                                                  000073
1021903727600017200000260206200016896                         00000000400052187385000000000000000000000000060626082126/400052100000000400052187385290821000000000800065500001  000000000000000000000000000000000000000000000000000000000000000000000000000000000000000800000000000000000000000000000   270821             00000000000000                                                                  000074
1021903727600017200000260206200016896                         00000000400068272536000000000000000000000000060626082126/400068200000000400068272536290821000000000940075604327  000000000000000000000000000000000000000000000000000000000000000000000000000000000000000940000000000000000000000000000   270821             00000000000000                                                                  000075
1021903727600017200000260206200016896                         00000000400119303547000000000000000000000000060626082126/400119300000000400119303547280821000000000800065500001  000000000000000000000000000000000000000000000000000000000000000000000000000000000000000800000000000000000000000000000   270821             00000000000000                                                                  000076
1021903727600017200000260206200016896                         00000000400128824274000000000000000000000000060626082126/400128800000000400128824274290821000000007000023701555  000000000000000000000000000000000000000000000000000000000000000000000000000000000000007000000000000000000000000000000   270821             00000000000000                                                                  000077
1021903727600017200000260206200016896                         00000000400170820920000000000000000000000000060626082126/400170800000000400170820920280821000000000800065500001  000000000000000000000000000000000000000000000000000000000000000000000000000000000000000800000000000000000000000000000   270821             00000000000000                                                                  000078
1021903727600017200000260206200016896                         00000000400171011481000000000000000000000000060626082126/400171000000000400171011481290821000000020000010401580  000000000000000000000000000000000000000000000000000000000000000000000000000000000000020000000000000000000000000000000   270821             00000000000000                                                                  000079
1021903727600017200000260206200016896                         00000000400196723176000000000000000000000000060626082126/400196700000000400196723176280821000000000800065500001  000000000000000000000000000000000000000000000000000000000000000000000000000000000000000800000000000000000000000000000   270821             00000000000000                                                                  000080
1021903727600017200000260206200016896                         00000000400209909355000000000000000000000000060626082126/400209900000000400209909355280821000000001250065500001  000000000000000000000000000000000000000000000000000000000000000000000000000000000000001250000000000000000000000000000   270821             00000000000000                                                                  000081
1021903727600017200000260206200016896                         00000000400211961143000000000000000000000000060626082126/400211900000000400211961143290821000000000930010403880  000000000000000000000000000000000000000000000000000000000000000000000000000000000000000930000000000000000000000000000   270821             00000000000000                                                                  000082
1021903727600017200000260206200016896                         00000000400233136987000000000000000000000000060626082126/400233100000000400233136987290821000000003980007000264  000000000000000000000000000000000000000000000000000000000000000000000000000000000000003980000000000000000000000000000   270821             00000000000000                                                                  000083
1021903727600017200000260206200016896                         00000000400244662311000000000000000000000000060626082126/400244600000000400244662311290821000000000800065500001  000000000000000000000000000000000000000000000000000000000000000000000000000000000000000800000000000000000000000000000   270821             00000000000000                                                                  000084
1021903727600017200000260206200016896                         00000000400259342909000000000000000000000000060626082126/400259300000000400259342909290821000000005000002100153  000000000000000000000000000000000000000000000000000000000000000000000000000000000000005000000000000000000000000000000   270821             00000000000000                                                                  000085
1021903727600017200000260206200016896                         00000000400270115299000000000000000000000000060626082126/400270100000000400270115299290821000000001500023706041  000000000000000000000000000000000000000000000000000000000000000000000000000000000000001500000000000000000000000000000   270821             00000000000000                                                                  000086
1021903727600017200000260206200016896                         00000000400281701238000000000000000000000000060626082126/400281700000000400281701238290821000000000800075604327  000000000000000000000000000000000000000000000000000000000000000000000000000000000000000800000000000000000000000000000   270821             00000000000000                                                                  000087
1021903727600017200000260206200016896                         00000000400289751633000000000000000000000000060626082126/400289700000000400289751633290821000000000800065500001  000000000000000000000000000000000000000000000000000000000000000000000000000000000000000800000000000000000000000000000   270821             00000000000000                                                                  000088
1021903727600017200000260206200016896                         00000000400322790909000000000000000000000000060626082126/400322700000000400322790909290821000000001500010403880  000000000000000000000000000000000000000000000000000000000000000000000000000000000000001500000000000000000000000000000   270821             00000000000000                                                                  000089
1021903727600017200000260206200016896                         00000000400323628307000000000000000000000000060626082126/400323600000000400323628307280821000000000800065500001  000000000000000000000000000000000000000000000000000000000000000000000000000000000000000800000000000000000000000000000   270821             00000000000000                                                                  000090
1021903727600017200000260206200016896                         00000000400324228949000000000000000000000000060626082126/400324200000000400324228949270821000000012000002100112  000000000000000000000000000000000000000000000000000000000000000000000000000000000000012000000000000000000000000000000   270821             00000000000000                                                                  000091
1021903727600017200000260206200016896                         00000000400328621807000000000000000000000000060626082126/400328600000000400328621807290821000000001500075604327  000000000000000000000000000000000000000000000000000000000000000000000000000000000000001500000000000000000000000000000   270821             00000000000000                                                                  000092
1021903727600017200000260206200016896                         00000000400337087007000000000000000000000000060626082126/400337000000000400337087007290821000000001570010403880  000000000000000000000000000000000000000000000000000000000000000000000000000000000000001570000000000000000000000000000   270821             00000000000000                                                                  000093
1021903727600017200000260206200016896                         00000000400357254848000000000000000000000000060626082126/400357200000000400357254848260821000000000800065500001  000000000000000000000000000000000000000000000000000000000000000000000000000000000000000800000000000000000000000000000   270821             00000000000000                                                                  000094
1021903727600017200000260206200016896                         00000000400359441637000000000000000000000000060626082126/400359400000000400359441637280821000000000800065500001  000000000000000000000000000000000000000000000000000000000000000000000000000000000000000800000000000000000000000000000   270821             00000000000000                                                                  000095
1021903727600017200000260206200016896                         00000000400366843430000000000000000000000000060626082126/400366800000000400366843430280821000000000800065500001  000000000000000000000000000000000000000000000000000000000000000000000000000000000000000800000000000000000000000000000   270821             00000000000000                                                                  000096
1021903727600017200000260206200016896                         0000000040038694831P000000000000000000000000060626082126/40038690000000040038694831P290821000000003000065500001  000000000000000000000000000000000000000000000000000000000000000000000000000000000000003000000000000000000000000000000   270821             00000000000000                                                                  000097
1021903727600017200000260206200016896                         00000000400393064192000000000000000000000000060626082126/400393000000000400393064192290821000000011570007000268  000000000000000000000000000000000000000000000000000000000000000000000000000000000000011570000000000000000000000000000   270821             00000000000000                                                                  000098
1021903727600017200000260206200016896                         00000000400401944261000000000000000000000000060626082126/400401900000000400401944261290821000000001010075604327  000000000000000000000000000000000000000000000000000000000000000000000000000000000000001010000000000000000000000000000   270821             00000000000000                                                                  000099
1021903727600017200000260206200016896                         00000000400426090224000000000000000000000000060626082126/400426000000000400426090224290821000000010000007000027  000000000000000000000000000000000000000000000000000000000000000000000000000000000000010000000000000000000000000000000   270821             00000000000000                                                                  000100
1021903727600017200000260206200016896                         00000000400453444704000000000000000000000000060626082126/400453400000000400453444704290821000000001030075604327  000000000000000000000000000000000000000000000000000000000000000000000000000000000000001030000000000000000000000000000   270821             00000000000000                                                                  000101
1021903727600017200000260206200016896                         00000000400467410896000000000000000000000000060626082126/400467400000000400467410896290821000000001660063300001  000000000000000000000000000000000000000000000000000000000000000000000000000000000000001660000000000000000000000000000   270821             00000000000000                                                                  000102
1021903727600017200000260206200016896                         00000000400475891151000000000000000000000000060626082126/400475800000000400475891151290821000000002500010403880  000000000000000000000000000000000000000000000000000000000000000000000000000000000000002500000000000000000000000000000   270821             00000000000000                                                                  000103
1021903727600017200000260206200016896                         00000000400481041623000000000000000000000000060626082126/400481000000000400481041623290821000000004200075604327  000000000000000000000000000000000000000000000000000000000000000000000000000000000000004200000000000000000000000000000   270821             00000000000000                                                                  000104
1021903727600017200000260206200016896                         00000000400495240815000000000000000000000000060626082126/400495200000000400495240815290821000000005000000100922  000000000000000000000000000000000000000000000000000000000000000000000000000000000000005000000000000000000000000000000   270821             00000000000000                                                                  000105
1021903727600017200000260206200016896                         00000000400516431640000000000000000000000000060626082126/400516400000000400516431640280821000000000800075604327  000000000000000000000000000000000000000000000000000000000000000000000000000000000000000800000000000000000000000000000   270821             00000000000000                                                                  000106
1021903727600017200000260206200016896                         00000000400516542507000000000000000000000000060626082126/400516500000000400516542507290821000000003750010403880  000000000000000000000000000000000000000000000000000000000000000000000000000000000000003750000000000000000000000000000   270821             00000000000000                                                                  000107
1021903727600017200000260206200016896                         00000000400516764704000000000000000000000000060626082126/400516700000000400516764704290821000000003500023700645  000000000000000000000000000000000000000000000000000000000000000000000000000000000000003500000000000000000000000000000   270821             00000000000000                                                                  000108
1021903727600017200000260206200016896                         00000000400533980089000000000000000000000000060626082126/400533900000000400533980089290821000000004460010402257  000000000000000000000000000000000000000000000000000000000000000000000000000000000000004460000000000000000000000000000   270821             00000000000000                                                                  000109
1021903727600017200000260206200016896                         00000000400544483184000000000000000000000000060626082126/400544400000000400544483184290821000000002500010403880  000000000000000000000000000000000000000000000000000000000000000000000000000000000000002500000000000000000000000000000   270821             00000000000000                                                                  000110
1021903727600017200000260206200016896                         00000000400544571261000000000000000000000000060626082126/400544500000000400544571261280821000000000800065500001  000000000000000000000000000000000000000000000000000000000000000000000000000000000000000800000000000000000000000000000   270821             00000000000000                                                                  000111
1021903727600017200000260206200016896                         00000000400577586116000000000000000000000000060626082126/400577500000000400577586116290821000000001500010403880  000000000000000000000000000000000000000000000000000000000000000000000000000000000000001500000000000000000000000000000   270821             00000000000000                                                                  000112
1021903727600017200000260206200016896                         00000000400579419179000000000000000000000000060626082126/400579400000000400579419179290821000000012000063300001  000000000000000000000000000000000000000000000000000000000000000000000000000000000000012000000000000000000000000000000   270821             00000000000000                                                                  000113
1021903727600017200000260206200016896                         00000000400580616301000000000000000000000000060626082126/400580600000000400580616301290821000000002000010401027  000000000000000000000000000000000000000000000000000000000000000000000000000000000000002000000000000000000000000000000   270821             00000000000000                                                                  000114
1021903727600017200000260206200016896                         00000000400581140653000000000000000000000000060626082126/400581100000000400581140653290821000000012000010400721  000000000000000000000000000000000000000000000000000000000000000000000000000000000000012000000000000000000000000000000   270821             00000000000000                                                                  000115
1021903727600017200000260206200016896                         00000000400584185542000000000000000000000000060626082126/400584100000000400584185542290821000000009000000100128  000000000000000000000000000000000000000000000000000000000000000000000000000000000000009000000000000000000000000000000   270821             00000000000000                                                                  000116
1021903727600017200000260206200016896                         00000000400599940452000000000000000000000000060626082126/400599900000000400599940452280821000000012000002100112  000000000000000000000000000000000000000000000000000000000000000000000000000000000000012000000000000000000000000000000   270821             00000000000000                                                                  000117
1021903727600017200000260206200016896                         00000000400610513499000000000000000000000000060626082126/400610500000000400610513499290821000000003500021200001  000000000000000000000000000000000000000000000000000000000000000000000000000000000000003500000000000000000000000000000   270821             00000000000000                                                                  000118
1021903727600017200000260206200016896                         0000000040061998401P000000000000000000000000060626082126/40061990000000040061998401P290821000000012000010403660  000000000000000000000000000000000000000000000000000000000000000000000000000000000000012000000000000000000000000000000   270821             00000000000000                                                                  000119
1021903727600017200000260206200016896                         0000000040063432932P000000000000000000000000060626082126/40063430000000040063432932P280821000000000800065500001  000000000000000000000000000000000000000000000000000000000000000000000000000000000000000800000000000000000000000000000   270821             00000000000000                                                                  000120
1021903727600017200000260206200016896                         00000000400649561539000000000000000000000000060626082126/400649500000000400649561539290821000000002000023702835  000000000000000000000000000000000000000000000000000000000000000000000000000000000000002000000000000000000000000000000   270821             00000000000000                                                                  000121
1021903727600017200000260206200016896                         00000000400668218756000000000000000000000000060626082126/400668200000000400668218756280821000000000800065500001  000000000000000000000000000000000000000000000000000000000000000000000000000000000000000800000000000000000000000000000   270821             00000000000000                                                                  000122
1021903727600017200000260206200016896                         0000000040067276594P000000000000000000000000060626082126/40067270000000040067276594P280821000000000800065500001  000000000000000000000000000000000000000000000000000000000000000000000000000000000000000800000000000000000000000000000   270821             00000000000000                                                                  000123
1021903727600017200000260206200016896                         00000000400722111482000000000000000000000000060626082126/400722100000000400722111482290821000000001400004100377  000000000000000000000000000000000000000000000000000000000000000000000000000000000000001400000000000000000000000000000   270821             00000000000000                                                                  000124
1021903727600017200000260206200016896                         0000000040073266790P000000000000000000000000060626082126/40073260000000040073266790P290821000000005000010403540  000000000000000000000000000000000000000000000000000000000000000000000000000000000000005000000000000000000000000000000   270821             00000000000000                                                                  000125
1021903727600017200000260206200016896                         00000000400737887304000000000000000000000000060626082126/400737800000000400737887304290821000000001000010403880  000000000000000000000000000000000000000000000000000000000000000000000000000000000000001000000000000000000000000000000   270821             00000000000000                                                                  000126
1021903727600017200000260206200016896                         00000000400746958427000000000000000000000000060626082126/400746900000000400746958427290821000000012000023700048  000000000000000000000000000000000000000000000000000000000000000000000000000000000000012000000000000000000000000000000   270821             00000000000000                                                                  000127
1021903727600017200000260206200016896                         00000000400748275122000000000000000000000000060626082126/400748200000000400748275122280821000000006000010404354  000000000000000000000000000000000000000000000000000000000000000000000000000000000000006000000000000000000000000000000   270821             00000000000000                                                                  000128
1021903727600017200000260206200016896                         00000000400753905355000000000000000000000000060626082126/400753900000000400753905355290821000000000800065500001  000000000000000000000000000000000000000000000000000000000000000000000000000000000000000800000000000000000000000000000   270821             00000000000000                                                                  000129
1021903727600017200000260206200016896                         00000000400759285405000000000000000000000000060626082126/400759200000000400759285405260821000000000800065500001  000000000000000000000000000000000000000000000000000000000000000000000000000000000000000800000000000000000000000000000   270821             00000000000000                                                                  000130
1021903727600017200000260206200016896                         00000000400771706165000000000000000000000000060626082126/400771700000000400771706165290821000000001000010403898  000000000000000000000000000000000000000000000000000000000000000000000000000000000000001000000000000000000000000000000   270821             00000000000000                                                                  000131
1021903727600017200000260206200016896                         00000000400782260541000000000000000000000000060626082126/400782200000000400782260541290821000000001000000102020  000000000000000000000000000000000000000000000000000000000000000000000000000000000000001000000000000000000000000000000   270821             00000000000000                                                                  000132
1021903727600017200000260206200016896                         00000000400783807455000000000000000000000000060626082126/400783800000000400783807455290821000000002000010404331  000000000000000000000000000000000000000000000000000000000000000000000000000000000000002000000000000000000000000000000   270821             00000000000000                                                                  000133
1021903727600017200000260206200016896                         00000000400793114407000000000000000000000000060626082126/400793100000000400793114407290821000000001500010403880  000000000000000000000000000000000000000000000000000000000000000000000000000000000000001500000000000000000000000000000   270821             00000000000000                                                                  000134
1021903727600017200000260206200016896                         00000000400811003472000000000000000000000000060626082126/400811000000000400811003472290821000000025000000100128  000000000000000000000000000000000000000000000000000000000000000000000000000000000000025000000000000000000000000000000   270821             00000000000000                                                                  000135
1021903727600017200000260206200016896                         00000000400828096393000000000000000000000000060626082126/400828000000000400828096393290821000000004500010400627  000000000000000000000000000000000000000000000000000000000000000000000000000000000000004500000000000000000000000000000   270821             00000000000000                                                                  000136
1021903727600017200000260206200016896                         00000000400838417333000000000000000000000000060626082126/400838400000000400838417333260821000000000800065500001  000000000000000000000000000000000000000000000000000000000000000000000000000000000000000800000000000000000000000000000   270821             00000000000000                                                                  000137
1021903727600017200000260206200016896                         0000000040083895228P000000000000000000000000060626082126/40083890000000040083895228P290821000000000800075604327  000000000000000000000000000000000000000000000000000000000000000000000000000000000000000800000000000000000000000000000   270821             00000000000000                                                                  000138
1021903727600017200000260206200016896                         00000000400840650649000000000000000000000000060626082126/400840600000000400840650649280821000000000800065500001  000000000000000000000000000000000000000000000000000000000000000000000000000000000000000800000000000000000000000000000   270821             00000000000000                                                                  000139
1021903727600017200000260206200016896                         00000000400874024372000000000000000000000000060626082126/400874000000000400874024372290821000000007000010400397  000000000000000000000000000000000000000000000000000000000000000000000000000000000000007000000000000000000000000000000   270821             00000000000000                                                                  000140
1021903727600017200000260206200016896                         00000000400877760576000000000000000000000000060626082126/400877700000000400877760576280821000000001000065500001  000000000000000000000000000000000000000000000000000000000000000000000000000000000000001000000000000000000000000000000   270821             00000000000000                                                                  000141
1021903727600017200000260206200016896                         0000000040088913106P000000000000000000000000060626082126/40088910000000040088913106P290821000000002500010403880  000000000000000000000000000000000000000000000000000000000000000000000000000000000000002500000000000000000000000000000   270821             00000000000000                                                                  000142
1021903727600017200000260206200016896                         00000000400891217702000000000000000000000000060626082126/400891200000000400891217702280821000000000800065500001  000000000000000000000000000000000000000000000000000000000000000000000000000000000000000800000000000000000000000000000   270821             00000000000000                                                                  000143
1021903727600017200000260206200016896                         00000000400894830219000000000000000000000000060626082126/400894800000000400894830219290821000000001500010403880  000000000000000000000000000000000000000000000000000000000000000000000000000000000000001500000000000000000000000000000   270821             00000000000000                                                                  000144
1021903727600017200000260206200016896                         00000000400906338986000000000000000000000000060626082126/400906300000000400906338986260821000000000800065500001  000000000000000000000000000000000000000000000000000000000000000000000000000000000000000800000000000000000000000000000   270821             00000000000000                                                                  000145
1021903727600017200000260206200016896                         0000000040091680134P000000000000000000000000060626082126/40091680000000040091680134P290821000000008250010401825  000000000000000000000000000000000000000000000000000000000000000000000000000000000000008250000000000000000000000000000   270821             00000000000000                                                                  000146
1021903727600017200000260206200016896                         00000000400917829434000000000000000000000000060626082126/400917800000000400917829434280821000000000800065500001  000000000000000000000000000000000000000000000000000000000000000000000000000000000000000800000000000000000000000000000   270821             00000000000000                                                                  000147
1021903727600017200000260206200016896                         00000000400936058732000000000000000000000000060626082126/400936000000000400936058732290821000000006250063300001  000000000000000000000000000000000000000000000000000000000000000000000000000000000000006250000000000000000000000000000   270821             00000000000000                                                                  000148
1021903727600017200000260206200016896                         00000000400946387912000000000000000000000000060626082126/400946300000000400946387912280821000000000800065500001  000000000000000000000000000000000000000000000000000000000000000000000000000000000000000800000000000000000000000000000   270821             00000000000000                                                                  000149
1021903727600017200000260206200016896                         00000000400958759858000000000000000000000000060626082126/400958700000000400958759858290821000000002830065500001  000000000000000000000000000000000000000000000000000000000000000000000000000000000000002830000000000000000000000000000   270821             00000000000000                                                                  000150
1021903727600017200000260206200016896                         00000000400959352972000000000000000000000000060626082126/400959300000000400959352972290821000000007000065500001  000000000000000000000000000000000000000000000000000000000000000000000000000000000000007000000000000000000000000000000   270821             00000000000000                                                                  000151
1021903727600017200000260206200016896                         00000000400965632510000000000000000000000000060626082126/400965600000000400965632510280821000000000800065500001  000000000000000000000000000000000000000000000000000000000000000000000000000000000000000800000000000000000000000000000   270821             00000000000000                                                                  000152
1021903727600017200000260206200016896                         0000000040099732575P000000000000000000000000060626082126/40099730000000040099732575P290821000000000800023706041  000000000000000000000000000000000000000000000000000000000000000000000000000000000000000800000000000000000000000000000   270821             00000000000000                                                                  000153
1021903727600017200000260206200016896                         00000000600760183577000000000000000000000000060626082126/600760100000000600760183577290821000000000500010401064  000000000000000000000000000000000000000000000000000000000000000000000000000000000000000500000000000000000000000000000   270821             00000000000000                                                                  000154
1021903727600017200000260206200016896                         00000000200960009719000000000000000000000000061026082126/200960000000000200960009719260621000000000049923700000  000000000000000000000000000000000000000000000000000000000000000000000000000000000000000000000000000000000000000000000                          1600000000                                                                  000155
1021903727600017200000260206200016896                         00000000400116881353000000000000000000000000061026082126/400116800000000400116881353260621000000001500023700000  000000000000000000000000000000000000000000000000000000000000000000000000000000000000000000000000000000000000000000000                          1600000000                                                                  000156
1021903727600017200000260206200016896                         00000000400264736710000000000000000000000000061026082126/400264700000000400264736710260621000000000800023700000  000000000000000000000000000000000000000000000000000000000000000000000000000000000000000000000000000000000000000000000                          1600000000                                                                  000157
1021903727600017200000260206200016896                         00000000400271513867000000000000000000000000061026082126/400271500000000400271513867260621000000001500023700000  000000000000000000000000000000000000000000000000000000000000000000000000000000000000000000000000000000000000000000000                          1600000000                                                                  000158
1021903727600017200000260206200016896                         0000000040036681970P000000000000000000000000061026082126/40036680000000040036681970P260621000000001500023700000  000000000000000000000000000000000000000000000000000000000000000000000000000000000000000000000000000000000000000000000                          1600000000                                                                  000159
1021903727600017200000260206200016896                         00000000400453150999000000000000000000000000061026082126/400453100000000400453150999260621000000001500023700000  000000000000000000000000000000000000000000000000000000000000000000000000000000000000000000000000000000000000000000000                          1600000000                                                                  000160
1021903727600017200000260206200016896                         00000000400583147043000000000000000000000000061026082126/400583100000000400583147043260621000000012000023700000  000000000000000000000000000000000000000000000000000000000000000000000000000000000000000000000000000000000000000000000                          1600000000                                                                  000161
1021903727600017200000260206200016896                         00000000400734192968000000000000000000000000061026082126/400734100000000400734192968260621000000002500023700000  000000000000000000000000000000000000000000000000000000000000000000000000000000000000000000000000000000000000000000000                          1600000000                                                                  000162
1021903727600017200000260206200016896                         00000000600906079785000000000000000000000000061026082126/600906000000000600906079785260621000000001000023700000  000000000000000000000000000000000000000000000000000000000000000000000000000000000000000000000000000000000000000000000                          1600000000                                                                  000163
9201237          000006310000001161741100000754          00071000002944518000002971800000820000029718000000900000022349900000000000000000000000000000000000000000000000000000000000000000000                                                                                                                                                                              00000000000000000000000         000164
