02RETORNO01COBRANCA       00000000000005034448E-PREPAG ADMINISTRADORA DE CAR237BRADESCO       2604230160000001169                                                                                                                                                                                                                                                                          270423         000001
1021903727600017200000260206200016896                         00000000200705556536000000000000000000000000060226042326/200705500000000200705556536290423000000000448123700408  000000000008200000000000000000000000000000000000000000000000000000000000000000000000000000000000000000000000000000000                          0000000000                                                                  000002
1021903727600017200000260206200016896                         00000000200705556536000000000000000000000000060626042326/200705500000000200705556536290423000000000448121200001  000000000000000000000000000000000000000000000000000000000000000000000000000000000000000448100000000000000000000000000   270423             00000000000000                                                                  000003
9201237          000000660000000078485200001169          00001000000004481000000004481000010000000044810000000000000000000000000000000000000000000000000000000000000000000000000000000000000                                                                                                                                                                              00000000000000000000000         000004
