02RETORNO01COBRANCA       00000000000005034448E-PREPAG ADMINISTRADORA DE CAR237BRADESCO       2610210160000000795                                                                                                                                                                                                                                                                          271021         000001
1021903727600017200000260206200016896                         00000000100031737640000000000000000000000000060226102126/100031700000000100031737640261021000000000911023704151  000000000008200000000000000000000000000000000000000000000000000000000000000000000000000000000000000000000000000000000                          0000000000                                                                  000002
1021903727600017200000260206200016896                         00000000100031775062000000000000000000000000060226102126/100031700000000100031775062261021000000002464523704436  000000000008200000000000000000000000000000000000000000000000000000000000000000000000000000000000000000000000000000000                          0000000000                                                                  000003
1021903727600017200000260206200016896                         00000000200197100017000000000000000000000000060226102126/200197100000000200197100017291021000000000775823704151  000000000008200000000000000000000000000000000000000000000000000000000000000000000000000000000000000000000000000000000                          0000000000                                                                  000004
1021903727600017200000260206200016896                         00000000200199415600000000000000000000000000060226102126/200199400000000200199415600291021000000000553623704400  000000000008200000000000000000000000000000000000000000000000000000000000000000000000000000000000000000000000000000000                          0000000000                                                                  000005
1021903727600017200000260206200016896                         00000000200336841167000000000000000000000000060226102126/200336800000000200336841167291021000000000296423704151  000000000008200000000000000000000000000000000000000000000000000000000000000000000000000000000000000000000000000000000                          7600000000                                                                  000006
1021903727600017200000260206200016896                         00000000200341470843000000000000000000000000060226102126/200341400000000200341470843291021000000000053123700073  000000000008200000000000000000000000000000000000000000000000000000000000000000000000000000000000000000000000000000000                          0000000000                                                                  000007
1021903727600017200000260206200016896                         00000000200355771137000000000000000000000000060226102126/200355700000000200355771137291021000000000233223704424  000000000008200000000000000000000000000000000000000000000000000000000000000000000000000000000000000000000000000000000                          0000000000                                                                  000008
1021903727600017200000260206200016896                         00000000200437397756000000000000000000000000060226102126/200437300000000200437397756291021000000001670123704159  000000000000000000000000000000000000000000000000000000000000000000000000000000000000000000000000000000000000000000000                          0000000000                                                                  000009
1021903727600017200000260206200016896                         0000000020049417402P000000000000000000000000060226102126/20049410000000020049417402P291021000000000202823704154  000000000008200000000000000000000000000000000000000000000000000000000000000000000000000000000000000000000000000000000                          0000000000                                                                  000010
1021903727600017200000260206200016896                         00000000200784290988000000000000000000000000060226102126/200784200000000200784290988291021000000000202823704154  000000000008200000000000000000000000000000000000000000000000000000000000000000000000000000000000000000000000000000000                          0000000000                                                                  000011
1021903727600017200000260206200016896                         00000000200822120196000000000000000000000000060226102126/200822100000000200822120196291021000000000049923704159  000000000008200000000000000000000000000000000000000000000000000000000000000000000000000000000000000000000000000000000                          0000000000                                                                  000012
1021903727600017200000260206200016896                         0000000020092949952P000000000000000000000000060226102126/20092940000000020092949952P291021000000002769523704426  000000000008200000000000000000000000000000000000000000000000000000000000000000000000000000000000000000000000000000000                          0000000000                                                                  000013
1021903727600017200000260206200016896                         00000000400016266368000000000000000000000000060226102126/400016200000000400016266368291021000000002500023704424  000000000008200000000000000000000000000000000000000000000000000000000000000000000000000000000000000000000000000000000                          0000000000                                                                  000014
1021903727600017200000260206200016896                         00000000400164640775000000000000000000000000060226102126/400164600000000400164640775291021000000000850023702062  000000000008200000000000000000000000000000000000000000000000000000000000000000000000000000000000000000000000000000000                          0000000000                                                                  000015
1021903727600017200000260206200016896                         0000000040021087557P000000000000000000000000060226102126/40021080000000040021087557P291021000000003500023704152  000000000008200000000000000000000000000000000000000000000000000000000000000000000000000000000000000000000000000000000                          0000000000                                                                  000016
1021903727600017200000260206200016896                         00000000400232150072000000000000000000000000060226102126/400232100000000400232150072291021000000000830023702062  000000000008200000000000000000000000000000000000000000000000000000000000000000000000000000000000000000000000000000000                          0000000000                                                                  000017
1021903727600017200000260206200016896                         00000000400243078594000000000000000000000000060226102126/400243000000000400243078594291021000000001500023704424  000000000008200000000000000000000000000000000000000000000000000000000000000000000000000000000000000000000000000000000                          0000000000                                                                  000018
1021903727600017200000260206200016896                         00000000400258408345000000000000000000000000060226102126/400258400000000400258408345291021000000001520023704426  000000000008200000000000000000000000000000000000000000000000000000000000000000000000000000000000000000000000000000000                          0000000000                                                                  000019
1021903727600017200000260206200016896                         00000000400259152433000000000000000000000000060226102126/400259100000000400259152433291021000000016000023704157  000000000008200000000000000000000000000000000000000000000000000000000000000000000000000000000000000000000000000000000                          0000000000                                                                  000020
1021903727600017200000260206200016896                         00000000400285385950000000000000000000000000060226102126/400285300000000400285385950291021000000000820023702062  000000000008200000000000000000000000000000000000000000000000000000000000000000000000000000000000000000000000000000000                          0000000000                                                                  000021
1021903727600017200000260206200016896                         00000000400295547088000000000000000000000000060226102126/400295500000000400295547088291021000000000800023704159  000000000008200000000000000000000000000000000000000000000000000000000000000000000000000000000000000000000000000000000                          0000000000                                                                  000022
1021903727600017200000260206200016896                         00000000400300591600000000000000000000000000060226102126/400300500000000400300591600291021000000005000023700153  000000000008200000000000000000000000000000000000000000000000000000000000000000000000000000000000000000000000000000000                          0000000000                                                                  000023
1021903727600017200000260206200016896                         00000000400302510667000000000000000000000000060226102126/400302500000000400302510667291021000000002340023704157  000000000008200000000000000000000000000000000000000000000000000000000000000000000000000000000000000000000000000000000                          0000000000                                                                  000024
1021903727600017200000260206200016896                         00000000400303579296000000000000000000000000060226102126/400303500000000400303579296291021000000003210023704159  000000000008200000000000000000000000000000000000000000000000000000000000000000000000000000000000000000000000000000000                          0000000000                                                                  000025
1021903727600017200000260206200016896                         00000000400309429911000000000000000000000000060226102126/400309400000000400309429911291021000000002400023704426  000000000008200000000000000000000000000000000000000000000000000000000000000000000000000000000000000000000000000000000                          0000000000                                                                  000026
1021903727600017200000260206200016896                         00000000400543736364000000000000000000000000060226102126/400543700000000400543736364291021000000000840023702062  000000000008200000000000000000000000000000000000000000000000000000000000000000000000000000000000000000000000000000000                          0000000000                                                                  000027
1021903727600017200000260206200016896                         0000000040054864087P000000000000000000000000060226102126/40054860000000040054864087P291021000000004000023704143  000000000008200000000000000000000000000000000000000000000000000000000000000000000000000000000000000000000000000000000                          0000000000                                                                  000028
1021903727600017200000260206200016896                         00000000400568186776000000000000000000000000060226102126/400568100000000400568186776291021000000003000023704159  000000000008200000000000000000000000000000000000000000000000000000000000000000000000000000000000000000000000000000000                          7600000000                                                                  000029
1021903727600017200000260206200016896                         00000000400613159017000000000000000000000000060226102126/400613100000000400613159017291021000000000800023702062  000000000008200000000000000000000000000000000000000000000000000000000000000000000000000000000000000000000000000000000                          0000000000                                                                  000030
1021903727600017200000260206200016896                         00000000400707997857000000000000000000000000060226102126/400707900000000400707997857291021000000006430023704154  000000000008200000000000000000000000000000000000000000000000000000000000000000000000000000000000000000000000000000000                          0000000000                                                                  000031
1021903727600017200000260206200016896                         00000000400720899767000000000000000000000000060226102126/400720800000000400720899767291021000000000800023700405  000000000008200000000000000000000000000000000000000000000000000000000000000000000000000000000000000000000000000000000                          0000000000                                                                  000032
1021903727600017200000260206200016896                         00000000400731157312000000000000000000000000060226102126/400731100000000400731157312291021000000001300023704144  000000000008200000000000000000000000000000000000000000000000000000000000000000000000000000000000000000000000000000000                          0000000000                                                                  000033
1021903727600017200000260206200016896                         00000000400752214413000000000000000000000000060226102126/400752200000000400752214413291021000000004000023704159  000000000008200000000000000000000000000000000000000000000000000000000000000000000000000000000000000000000000000000000                          0000000000                                                                  000034
1021903727600017200000260206200016896                         0000000040079241847P000000000000000000000000060226102126/40079240000000040079241847P291021000000002050023704143  000000000008200000000000000000000000000000000000000000000000000000000000000000000000000000000000000000000000000000000                          7600000000                                                                  000035
1021903727600017200000260206200016896                         00000000400852673059000000000000000000000000060226102126/400852600000000400852673059291021000000000810023702062  000000000008200000000000000000000000000000000000000000000000000000000000000000000000000000000000000000000000000000000                          0000000000                                                                  000036
1021903727600017200000260206200016896                         00000000400886471137000000000000000000000000060226102126/400886400000000400886471137291021000000001050023700405  000000000008200000000000000000000000000000000000000000000000000000000000000000000000000000000000000000000000000000000                          0000000000                                                                  000037
1021903727600017200000260206200016896                         00000000400900524516000000000000000000000000060226102126/400900500000000400900524516291021000000003000023702062  000000000008200000000000000000000000000000000000000000000000000000000000000000000000000000000000000000000000000000000                          0000000000                                                                  000038
1021903727600017200000260206200016896                         00000000400952759635000000000000000000000000060226102126/400952700000000400952759635291021000000012380023702062  000000000008200000000000000000000000000000000000000000000000000000000000000000000000000000000000000000000000000000000                          0000000000                                                                  000039
1021903727600017200000260206200016896                         00000000600014686229000000000000000000000000060226102126/600014600000000600014686229291021000000000710023704424  000000000008200000000000000000000000000000000000000000000000000000000000000000000000000000000000000000000000000000000                          0000000000                                                                  000040
1021903727600017200000260206200016896                         00000000100031717453000000000000000000000000060626102126/100031700000000100031717453261021000000000810063300001  000000000000000000000000000000000000000000000000000000000000000000000000000000000000000810000000000000000000000000000   271021             00000000000000                                                                  000041
1021903727600017200000260206200016896                         00000000100031728277000000000000000000000000060626102126/100031700000000100031728277261021000000019311810404752  000000000000000000000000000000000000000000000000000000000000000000000000000000000000019311800000000000000000000000000   271021             00000000000000                                                                  000042
1021903727600017200000260206200016896                         00000000100031737640000000000000000000000000060626102126/100031700000000100031737640261021000000000911000103567  000000000000000000000000000000000000000000000000000000000000000000000000000000000000000911000000000000000000000000000   271021             00000000000000                                                                  000043
1021903727600017200000260206200016896                         00000000100031775062000000000000000000000000060626102126/100031700000000100031775062261021000000002464563300001  000000000000000000000000000000000000000000000000000000000000000000000000000000000000002464500000000000000000000000000   271021             00000000000000                                                                  000044
1021903727600017200000260206200016896                         00000000200199415600000000000000000000000000060626102126/200199400000000200199415600291021000000000553610403880  000000000000000000000000000000000000000000000000000000000000000000000000000000000000000553600000000000000000000000000   271021             00000000000000                                                                  000045
1021903727600017200000260206200016896                         00000000200336841167000000000000000000000000060626102126/200336800000000200336841167291021000000000296410403880  000000000000000000000000000000000000000000000000000000000000000000000000000000000000000296400000000000000000000000000   271021             00000000000000                                                                  000046
1021903727600017200000260206200016896                         00000000200341470843000000000000000000000000060626102126/200341400000000200341470843291021000000000053121200001  000000000000000000000000000000000000000000000000000000000000000000000000000000000000000053100000000000000000000000000   271021             00000000000000                                                                  000047
1021903727600017200000260206200016896                         00000000200355771137000000000000000000000000060626102126/200355700000000200355771137291021000000000233210402332  000000000000000000000000000000000000000000000000000000000000000000000000000000000000000233200000000000000000000000000   271021             00000000000000                                                                  000048
1021903727600017200000260206200016896                         00000000200784290988000000000000000000000000060626102126/200784200000000200784290988291021000000000202821200001  000000000000000000000000000000000000000000000000000000000000000000000000000000000000000202800000000000000000000000000   271021             00000000000000                                                                  000049
1021903727600017200000260206200016896                         00000000200822120196000000000000000000000000060626102126/200822100000000200822120196291021000000000049963300001  000000000000000000000000000000000000000000000000000000000000000000000000000000000000000049900000000000000000000000000   271021             00000000000000                                                                  000050
1021903727600017200000260206200016896                         00000000400016266368000000000000000000000000060626102126/400016200000000400016266368291021000000002500010403880  000000000000000000000000000000000000000000000000000000000000000000000000000000000000002500000000000000000000000000000   271021             00000000000000                                                                  000051
1021903727600017200000260206200016896                         00000000400164640775000000000000000000000000060626102126/400164600000000400164640775291021000000000850075604327  000000000000000000000000000000000000000000000000000000000000000000000000000000000000000850000000000000000000000000000   271021             00000000000000                                                                  000052
1021903727600017200000260206200016896                         0000000040021087557P000000000000000000000000060626102126/40021080000000040021087557P291021000000003500010404232  000000000000000000000000000000000000000000000000000000000000000000000000000000000000003500000000000000000000000000000   271021             00000000000000                                                                  000053
1021903727600017200000260206200016896                         00000000400232150072000000000000000000000000060626102126/400232100000000400232150072291021000000000830075604327  000000000000000000000000000000000000000000000000000000000000000000000000000000000000000830000000000000000000000000000   271021             00000000000000                                                                  000054
1021903727600017200000260206200016896                         00000000400243078594000000000000000000000000060626102126/400243000000000400243078594291021000000001500010403880  000000000000000000000000000000000000000000000000000000000000000000000000000000000000001500000000000000000000000000000   271021             00000000000000                                                                  000055
1021903727600017200000260206200016896                         00000000400258408345000000000000000000000000060626102126/400258400000000400258408345291021000000001520004100377  000000000000000000000000000000000000000000000000000000000000000000000000000000000000001520000000000000000000000000000   271021             00000000000000                                                                  000056
1021903727600017200000260206200016896                         00000000400259152433000000000000000000000000060626102126/400259100000000400259152433291021000000016000010400389  000000000000000000000000000000000000000000000000000000000000000000000000000000000000016000000000000000000000000000000   271021             00000000000000                                                                  000057
1021903727600017200000260206200016896                         00000000400285385950000000000000000000000000060626102126/400285300000000400285385950291021000000000820075604327  000000000000000000000000000000000000000000000000000000000000000000000000000000000000000820000000000000000000000000000   271021             00000000000000                                                                  000058
1021903727600017200000260206200016896                         00000000400300591600000000000000000000000000060626102126/400300500000000400300591600291021000000005000010401831  000000000000000000000000000000000000000000000000000000000000000000000000000000000000005000000000000000000000000000000   271021             00000000000000                                                                  000059
1021903727600017200000260206200016896                         00000000400302510667000000000000000000000000060626102126/400302500000000400302510667291021000000002340034109258  000000000000000000000000000000000000000000000000000000000000000000000000000000000000002340000000000000000000000000000   271021             00000000000000                                                                  000060
1021903727600017200000260206200016896                         00000000400303579296000000000000000000000000060626102126/400303500000000400303579296291021000000003210000101112  000000000000000000000000000000000000000000000000000000000000000000000000000000000000003210000000000000000000000000000   271021             00000000000000                                                                  000061
1021903727600017200000260206200016896                         00000000400309429911000000000000000000000000060626102126/400309400000000400309429911291021000000002400010403711  000000000000000000000000000000000000000000000000000000000000000000000000000000000000002400000000000000000000000000000   271021             00000000000000                                                                  000062
1021903727600017200000260206200016896                         00000000400543736364000000000000000000000000060626102126/400543700000000400543736364291021000000000840075604327  000000000000000000000000000000000000000000000000000000000000000000000000000000000000000840000000000000000000000000000   271021             00000000000000                                                                  000063
1021903727600017200000260206200016896                         0000000040054864087P000000000000000000000000060626102126/40054860000000040054864087P291021000000004000010400627  000000000000000000000000000000000000000000000000000000000000000000000000000000000000004000000000000000000000000000000   271021             00000000000000                                                                  000064
1021903727600017200000260206200016896                         00000000400568186776000000000000000000000000060626102126/400568100000000400568186776291021000000003000003304048  000000000000000000000000000000000000000000000000000000000000000000000000000000000000003000000000000000000000000000000   271021             00000000000000                                                                  000065
1021903727600017200000260206200016896                         00000000400613159017000000000000000000000000060626102126/400613100000000400613159017291021000000000800075604327  000000000000000000000000000000000000000000000000000000000000000000000000000000000000000800000000000000000000000000000   271021             00000000000000                                                                  000066
1021903727600017200000260206200016896                         00000000400720899767000000000000000000000000060626102126/400720800000000400720899767291021000000000800000103506  000000000000000000000000000000000000000000000000000000000000000000000000000000000000000800000000000000000000000000000   271021             00000000000000                                                                  000067
1021903727600017200000260206200016896                         00000000400731157312000000000000000000000000060626102126/400731100000000400731157312291021000000001300023700180  000000000000000000000000000000000000000000000000000000000000000000000000000000000000001300000000000000000000000000000   271021             00000000000000                                                                  000068
1021903727600017200000260206200016896                         00000000400752214413000000000000000000000000060626102126/400752200000000400752214413291021000000004000010401580  000000000000000000000000000000000000000000000000000000000000000000000000000000000000004000000000000000000000000000000   271021             00000000000000                                                                  000069
1021903727600017200000260206200016896                         0000000040079241847P000000000000000000000000060626102126/40079240000000040079241847P291021000000002050023702151  000000000000000000000000000000000000000000000000000000000000000000000000000000000000002050000000000000000000000000000   271021             00000000000000                                                                  000070
1021903727600017200000260206200016896                         00000000400852673059000000000000000000000000060626102126/400852600000000400852673059291021000000000810075604327  000000000000000000000000000000000000000000000000000000000000000000000000000000000000000810000000000000000000000000000   271021             00000000000000                                                                  000071
1021903727600017200000260206200016896                         00000000400886471137000000000000000000000000060626102126/400886400000000400886471137291021000000001050010403880  000000000000000000000000000000000000000000000000000000000000000000000000000000000000001050000000000000000000000000000   271021             00000000000000                                                                  000072
1021903727600017200000260206200016896                         00000000400900524516000000000000000000000000060626102126/400900500000000400900524516291021000000003000065500001  000000000000000000000000000000000000000000000000000000000000000000000000000000000000003000000000000000000000000000000   271021             00000000000000                                                                  000073
1021903727600017200000260206200016896                         00000000400952759635000000000000000000000000060626102126/400952700000000400952759635291021000000012380010402257  000000000000000000000000000000000000000000000000000000000000000000000000000000000000012380000000000000000000000000000   271021             00000000000000                                                                  000074
1021903727600017200000260206200016896                         00000000100031185648000000000000000000000000061026102126/100031100000000100031185648260821000000000354923700000  000000000000000000000000000000000000000000000000000000000000000000000000000000000000000000000000000000000000000000000                          1600000000                                                                  000075
1021903727600017200000260206200016896                         00000000200240471350000000000000000000000000061026102126/200240400000000200240471350260821000000000079923700000  000000000000000000000000000000000000000000000000000000000000000000000000000000000000000000000000000000000000000000000                          1600000000                                                                  000076
1021903727600017200000260206200016896                         00000000200901761792000000000000000000000000061026102126/200901700000000200901761792260821000000000079923700000  000000000000000000000000000000000000000000000000000000000000000000000000000000000000000000000000000000000000000000000                          1600000000                                                                  000077
1021903727600017200000260206200016896                         00000000200934901530000000000000000000000000061026102126/200934900000000200934901530260821000000000079923700000  000000000000000000000000000000000000000000000000000000000000000000000000000000000000000000000000000000000000000000000                          1600000000                                                                  000078
1021903727600017200000260206200016896                         00000000400157956740000000000000000000000000061026102126/400157900000000400157956740260821000000005020023700000  000000000000000000000000000000000000000000000000000000000000000000000000000000000000000000000000000000000000000000000                          1600000000                                                                  000079
1021903727600017200000260206200016896                         00000000400220381915000000000000000000000000061026102126/400220300000000400220381915260821000000003000023700000  000000000000000000000000000000000000000000000000000000000000000000000000000000000000000000000000000000000000000000000                          1600000000                                                                  000080
1021903727600017200000260206200016896                         00000000400229004340000000000000000000000000061026102126/400229000000000400229004340260821000000002640023700000  000000000000000000000000000000000000000000000000000000000000000000000000000000000000000000000000000000000000000000000                          1600000000                                                                  000081
1021903727600017200000260206200016896                         00000000400321626870000000000000000000000000061026102126/400321600000000400321626870260821000000004080023700000  000000000000000000000000000000000000000000000000000000000000000000000000000000000000000000000000000000000000000000000                          1600000000                                                                  000082
1021903727600017200000260206200016896                         00000000400367466584000000000000000000000000061026102126/400367400000000400367466584260821000000006000023700000  000000000000000000000000000000000000000000000000000000000000000000000000000000000000000000000000000000000000000000000                          1600000000                                                                  000083
1021903727600017200000260206200016896                         00000000400398869830000000000000000000000000061026102126/400398800000000400398869830260821000000012000023700000  000000000000000000000000000000000000000000000000000000000000000000000000000000000000000000000000000000000000000000000                          1600000000                                                                  000084
1021903727600017200000260206200016896                         00000000400471783060000000000000000000000000061026102126/400471700000000400471783060260821000000025250023700000  000000000000000000000000000000000000000000000000000000000000000000000000000000000000000000000000000000000000000000000                          1600000000                                                                  000085
1021903727600017200000260206200016896                         00000000400522349697000000000000000000000000061026102126/400522300000000400522349697260821000000002000023700000  000000000000000000000000000000000000000000000000000000000000000000000000000000000000000000000000000000000000000000000                          1600000000                                                                  000086
1021903727600017200000260206200016896                         00000000600370488946000000000000000000000000061026102126/600370400000000600370488946260821000000000500023700000  000000000000000000000000000000000000000000000000000000000000000000000000000000000000000000000000000000000000000000000                          1600000000                                                                  000087
1021903727600017200000260206200016896                         00000000600557547458000000000000000000000000061026102126/600557500000000600557547458260821000000000079923700000  000000000000000000000000000000000000000000000000000000000000000000000000000000000000000000000000000000000000000000000                          1600000000                                                                  000088
1021903727600017200000260206200016896                         00000000600622989145000000000000000000000000061026102126/600622900000000600622989145260821000000000079923700000  000000000000000000000000000000000000000000000000000000000000000000000000000000000000000000000000000000000000000000000                          1600000000                                                                  000089
9201237          000005270000001442545400000795          00039000000926227000000993863000340000009938630001500000061244400000000000000000000000000000000000000000000000000000000000000000000                                                                                                                                                                              00000000000000000000000         000090
