02RETORNO01COBRANCA       00000000000005034448E-PREPAG ADMINISTRADORA DE CAR237BRADESCO       2710210160000000796                                                                                                                                                                                                                                                                          281021         000001
1021903727600017200000260206200016896                         00000000100031776492000000000000000000000000060227102126/100031700000000100031776492281021000000000285023704400  000000000008200000000000000000000000000000000000000000000000000000000000000000000000000000000000000000000000000000000                          0000000000                                                                  000002
1021903727600017200000260206200016896                         00000000200322064230000000000000000000000000060227102126/200322000000000200322064230301021000000000409223704151  000000000000000000000000000000000000000000000000000000000000000000000000000000000000000000000000000000000000000000000                          0000000000                                                                  000003
1021903727600017200000260206200016896                         00000000200538966573000000000000000000000000060227102126/200538900000000200538966573301021000000000353523704151  000000000000000000000000000000000000000000000000000000000000000000000000000000000000000000000000000000000000000000000                          0000000000                                                                  000004
1021903727600017200000260206200016896                         00000000200780666266000000000000000000000000060227102126/200780600000000200780666266301021000000000169923704400  000000000008200000000000000000000000000000000000000000000000000000000000000000000000000000000000000000000000000000000                          0000000000                                                                  000005
1021903727600017200000260206200016896                         00000000200826391976000000000000000000000000060227102126/200826300000000200826391976301021000000000668123700140  000000000008200000000000000000000000000000000000000000000000000000000000000000000000000000000000000000000000000000000                          0000000000                                                                  000006
1021903727600017200000260206200016896                         00000000400079424745000000000000000000000000060227102126/400079400000000400079424745301021000000003500023700140  000000000008200000000000000000000000000000000000000000000000000000000000000000000000000000000000000000000000000000000                          0000000000                                                                  000007
1021903727600017200000260206200016896                         00000000400170923940000000000000000000000000060227102126/400170900000000400170923940301021000000002500023704424  000000000008200000000000000000000000000000000000000000000000000000000000000000000000000000000000000000000000000000000                          0000000000                                                                  000008
1021903727600017200000260206200016896                         0000000040027614875P000000000000000000000000060227102126/40027610000000040027614875P301021000000003760023704154  000000000008200000000000000000000000000000000000000000000000000000000000000000000000000000000000000000000000000000000                          0000000000                                                                  000009
1021903727600017200000260206200016896                         00000000400279285375000000000000000000000000060227102126/400279200000000400279285375301021000000003960023700140  000000000008200000000000000000000000000000000000000000000000000000000000000000000000000000000000000000000000000000000                          0000000000                                                                  000010
1021903727600017200000260206200016896                         0000000040029358573P000000000000000000000000060227102126/40029350000000040029358573P301021000000002500023704151  000000000008200000000000000000000000000000000000000000000000000000000000000000000000000000000000000000000000000000000                          0000000000                                                                  000011
1021903727600017200000260206200016896                         00000000400294191018000000000000000000000000060227102126/400294100000000400294191018301021000000004000023704151  000000000008200000000000000000000000000000000000000000000000000000000000000000000000000000000000000000000000000000000                          0000000000                                                                  000012
1021903727600017200000260206200016896                         00000000400302274076000000000000000000000000060227102126/400302200000000400302274076301021000000006000023704158  000000000008200000000000000000000000000000000000000000000000000000000000000000000000000000000000000000000000000000000                          0000000000                                                                  000013
1021903727600017200000260206200016896                         00000000400390889697000000000000000000000000060227102126/400390800000000400390889697301021000000002000023702062  000000000008200000000000000000000000000000000000000000000000000000000000000000000000000000000000000000000000000000000                          0000000000                                                                  000014
1021903727600017200000260206200016896                         00000000400416149573000000000000000000000000060227102126/400416100000000400416149573301021000000000950023704158  000000000008200000000000000000000000000000000000000000000000000000000000000000000000000000000000000000000000000000000                          0000000000                                                                  000015
1021903727600017200000260206200016896                         00000000400482729300000000000000000000000000060227102126/400482700000000400482729300301021000000002830023704154  000000000008200000000000000000000000000000000000000000000000000000000000000000000000000000000000000000000000000000000                          0000000000                                                                  000016
1021903727600017200000260206200016896                         00000000400557758085000000000000000000000000060227102126/400557700000000400557758085301021000000001500023702062  000000000008200000000000000000000000000000000000000000000000000000000000000000000000000000000000000000000000000000000                          0000000000                                                                  000017
1021903727600017200000260206200016896                         00000000400610499879000000000000000000000000060227102126/400610400000000400610499879301021000000001000023704422  000000000008200000000000000000000000000000000000000000000000000000000000000000000000000000000000000000000000000000000                          0000000000                                                                  000018
1021903727600017200000260206200016896                         00000000400688149211000000000000000000000000060227102126/400688100000000400688149211301021000000003600023704159  000000000008200000000000000000000000000000000000000000000000000000000000000000000000000000000000000000000000000000000                          0000000000                                                                  000019
1021903727600017200000260206200016896                         00000000400791903498000000000000000000000000060227102126/400791900000000400791903498301021000000001500023704144  000000000008200000000000000000000000000000000000000000000000000000000000000000000000000000000000000000000000000000000                          0000000000                                                                  000020
1021903727600017200000260206200016896                         00000000400796114025000000000000000000000000060227102126/400796100000000400796114025301021000000002500023704424  000000000008200000000000000000000000000000000000000000000000000000000000000000000000000000000000000000000000000000000                          0000000000                                                                  000021
1021903727600017200000260206200016896                         00000000400842838831000000000000000000000000060227102126/400842800000000400842838831301021000000001500023704159  000000000000000000000000000000000000000000000000000000000000000000000000000000000000000000000000000000000000000000000                          7600000000                                                                  000022
1021903727600017200000260206200016896                         00000000400855710362000000000000000000000000060227102126/400855700000000400855710362301021000000000900023704422  000000000008200000000000000000000000000000000000000000000000000000000000000000000000000000000000000000000000000000000                          0000000000                                                                  000023
1021903727600017200000260206200016896                         00000000400869179082000000000000000000000000060227102126/400869100000000400869179082301021000000002500023704144  000000000008200000000000000000000000000000000000000000000000000000000000000000000000000000000000000000000000000000000                          0000000000                                                                  000024
1021903727600017200000260206200016896                         0000000040093350829P000000000000000000000000060227102126/40093350000000040093350829P301021000000005000023704159  000000000008200000000000000000000000000000000000000000000000000000000000000000000000000000000000000000000000000000000                          0000000000                                                                  000025
1021903727600017200000260206200016896                         00000000400937464424000000000000000000000000060227102126/400937400000000400937464424301021000000001200023704158  000000000008200000000000000000000000000000000000000000000000000000000000000000000000000000000000000000000000000000000                          0000000000                                                                  000026
1021903727600017200000260206200016896                         00000000600176266568000000000000000000000000060227102126/600176200000000600176266568301021000000000500023702062  000000000008200000000000000000000000000000000000000000000000000000000000000000000000000000000000000000000000000000000                          7600000000                                                                  000027
1021903727600017200000260206200016896                         00000000100031776492000000000000000000000000060627102126/100031700000000100031776492281021000000000285010400680  000000000000000000000000000000000000000000000000000000000000000000000000000000000000000285000000000000000000000000000   281021             00000000000000                                                                  000028
1021903727600017200000260206200016896                         00000000200197100017000000000000000000000000060627102126/200197100000000200197100017291021000000000775810404632  000000000000000000000000000000000000000000000000000000000000000000000000000000000000000775800000000000000000000000000   281021             00000000000000                                                                  000029
1021903727600017200000260206200016896                         00000000200780666266000000000000000000000000060627102126/200780600000000200780666266301021000000000169900100329  000000000000000000000000000000000000000000000000000000000000000000000000000000000000000169900000000000000000000000000   281021             00000000000000                                                                  000030
1021903727600017200000260206200016896                         00000000200826391976000000000000000000000000060627102126/200826300000000200826391976301021000000000668163300001  000000000000000000000000000000000000000000000000000000000000000000000000000000000000000668100000000000000000000000000   281021             00000000000000                                                                  000031
1021903727600017200000260206200016896                         00000000400079424745000000000000000000000000060627102126/400079400000000400079424745301021000000003500075604327  000000000000000000000000000000000000000000000000000000000000000000000000000000000000003500000000000000000000000000000   281021             00000000000000                                                                  000032
1021903727600017200000260206200016896                         00000000400170923940000000000000000000000000060627102126/400170900000000400170923940301021000000002500010403880  000000000000000000000000000000000000000000000000000000000000000000000000000000000000002500000000000000000000000000000   281021             00000000000000                                                                  000033
1021903727600017200000260206200016896                         00000000400279285375000000000000000000000000060627102126/400279200000000400279285375301021000000003960007000264  000000000000000000000000000000000000000000000000000000000000000000000000000000000000003960000000000000000000000000000   281021             00000000000000                                                                  000034
1021903727600017200000260206200016896                         0000000040029358573P000000000000000000000000060627102126/40029350000000040029358573P301021000000002500010403880  000000000000000000000000000000000000000000000000000000000000000000000000000000000000002500000000000000000000000000000   281021             00000000000000                                                                  000035
1021903727600017200000260206200016896                         00000000400294191018000000000000000000000000060627102126/400294100000000400294191018301021000000004000000102996  000000000000000000000000000000000000000000000000000000000000000000000000000000000000004000000000000000000000000000000   281021             00000000000000                                                                  000036
1021903727600017200000260206200016896                         00000000400302274076000000000000000000000000060627102126/400302200000000400302274076301021000000006000010400422  000000000000000000000000000000000000000000000000000000000000000000000000000000000000006000000000000000000000000000000   281021             00000000000000                                                                  000037
1021903727600017200000260206200016896                         00000000400390889697000000000000000000000000060627102126/400390800000000400390889697301021000000002000063300001  000000000000000000000000000000000000000000000000000000000000000000000000000000000000002000000000000000000000000000000   281021             00000000000000                                                                  000038
1021903727600017200000260206200016896                         00000000400416149573000000000000000000000000060627102126/400416100000000400416149573301021000000000950000102020  000000000000000000000000000000000000000000000000000000000000000000000000000000000000000950000000000000000000000000000   281021             00000000000000                                                                  000039
1021903727600017200000260206200016896                         00000000400557758085000000000000000000000000060627102126/400557700000000400557758085301021000000001500010403880  000000000000000000000000000000000000000000000000000000000000000000000000000000000000001500000000000000000000000000000   281021             00000000000000                                                                  000040
1021903727600017200000260206200016896                         00000000400610499879000000000000000000000000060627102126/400610400000000400610499879301021000000001000000103192  000000000000000000000000000000000000000000000000000000000000000000000000000000000000001000000000000000000000000000000   281021             00000000000000                                                                  000041
1021903727600017200000260206200016896                         00000000400623474689000000000000000000000000060627102126/400623400000000400623474689261021000000002000075602274  000000000000000000000000000000000000000000000000000000000000000000000000000000000000002000000000000000000000000000000   281021             00000000000000                                                                  000042
1021903727600017200000260206200016896                         00000000400688149211000000000000000000000000060627102126/400688100000000400688149211301021000000003600075604327  000000000000000000000000000000000000000000000000000000000000000000000000000000000000003600000000000000000000000000000   281021             00000000000000                                                                  000043
1021903727600017200000260206200016896                         00000000400796114025000000000000000000000000060627102126/400796100000000400796114025301021000000002500010403880  000000000000000000000000000000000000000000000000000000000000000000000000000000000000002500000000000000000000000000000   281021             00000000000000                                                                  000044
1021903727600017200000260206200016896                         00000000400842838831000000000000000000000000060627102126/400842800000000400842838831301021000000001500003304048  000000000000000000000000000000000000000000000000000000000000000000000000000000000000001500000000000000000000000000000   281021             00000000000000                                                                  000045
1021903727600017200000260206200016896                         00000000400855710362000000000000000000000000060627102126/400855700000000400855710362301021000000000900075604327  000000000000000000000000000000000000000000000000000000000000000000000000000000000000000900000000000000000000000000000   281021             00000000000000                                                                  000046
1021903727600017200000260206200016896                         0000000040093350829P000000000000000000000000060627102126/40093350000000040093350829P301021000000005000000100922  000000000000000000000000000000000000000000000000000000000000000000000000000000000000005000000000000000000000000000000   281021             00000000000000                                                                  000047
1021903727600017200000260206200016896                         00000000400937464424000000000000000000000000060627102126/400937400000000400937464424301021000000001200023700365  000000000000000000000000000000000000000000000000000000000000000000000000000000000000001200000000000000000000000000000   281021             00000000000000                                                                  000048
1021903727600017200000260206200016896                         00000000600176266568000000000000000000000000060627102126/600176200000000600176266568301021000000000500065500001  000000000000000000000000000000000000000000000000000000000000000000000000000000000000000500000000000000000000000000000   281021             00000000000000                                                                  000049
1021903727600017200000260206200016896                         00000000200540073519000000000000000000000000061027102126/200540000000000200540073519270821000000001075723700000  000000000000000000000000000000000000000000000000000000000000000000000000000000000000000000000000000000000000000000000                          1600000000                                                                  000050
1021903727600017200000260206200016896                         00000000400233973307000000000000000000000000061027102126/400233900000000400233973307270821000000006000023700000  000000000000000000000000000000000000000000000000000000000000000000000000000000000000000000000000000000000000000000000                          1600000000                                                                  000051
1021903727600017200000260206200016896                         0000000040032095968P000000000000000000000000061027102126/40032090000000040032095968P270821000000000800023700000  000000000000000000000000000000000000000000000000000000000000000000000000000000000000000000000000000000000000000000000                          1600000000                                                                  000052
1021903727600017200000260206200016896                         00000000400387498369000000000000000000000000061027102126/400387400000000400387498369270821000000000800023700000  000000000000000000000000000000000000000000000000000000000000000000000000000000000000000000000000000000000000000000000                          1600000000                                                                  000053
1021903727600017200000260206200016896                         00000000400591236810000000000000000000000000061027102126/400591200000000400591236810270821000000001500023700000  000000000000000000000000000000000000000000000000000000000000000000000000000000000000000000000000000000000000000000000                          1600000000                                                                  000054
1021903727600017200000260206200016896                         00000000400752099991000000000000000000000000061027102126/400752000000000400752099991270821000000000800023700000  000000000000000000000000000000000000000000000000000000000000000000000000000000000000000000000000000000000000000000000                          1600000000                                                                  000055
1021903727600017200000260206200016896                         00000000400845218346000000000000000000000000061027102126/400845200000000400845218346270821000000002630023700000  000000000000000000000000000000000000000000000000000000000000000000000000000000000000000000000000000000000000000000000                          1600000000                                                                  000056
1021903727600017200000260206200016896                         0000000040090082580P000000000000000000000000061027102126/40090080000000040090082580P270821000000000800023700000  000000000000000000000000000000000000000000000000000000000000000000000000000000000000000000000000000000000000000000000                          1600000000                                                                  000057
9201237          000005230000001436716600000796          00026000000555857000000470088000220000004700880000800000014405700000000000000000000000000000000000000000000000000000000000000000000                                                                                                                                                                              00000000000000000000000         000058
