02RETORNO01COBRANCA       00000000000005034448E-PREPAG ADMINISTRADORA DE CAR237BRADESCO       2701230160000001110                                                                                                                                                                                                                                                                          300123         000001
1021903727600017200000260206200016896                         00000000200180145939000000000000000000000000060227012326/200180100000000200180145939300123000000003000023704144  000000000008200000000000000000000000000000000000000000000000000000000000000000000000000000000000000000000000000000000                          0000000000                                                                  000002
1021903727600017200000260206200016896                         00000000200607799587000000000000000000000000060227012326/200607700000000200607799587300123000000000119923704144  000000000008200000000000000000000000000000000000000000000000000000000000000000000000000000000000000000000000000000000                          7600000000                                                                  000003
1021903727600017200000260206200016896                         00000000200665017017000000000000000000000000060227012326/200665000000000200665017017300123000000001519723704154  000000000008200000000000000000000000000000000000000000000000000000000000000000000000000000000000000000000000000000000                          0000000000                                                                  000004
1021903727600017200000260206200016896                         00000000400104239974000000000000000000000000060227012326/400104200000000400104239974300123000000005000023700140  000000000008200000000000000000000000000000000000000000000000000000000000000000000000000000000000000000000000000000000                          0000000000                                                                  000005
1021903727600017200000260206200016896                         00000000400238057287000000000000000000000000060227012326/400238000000000400238057287300123000000003110023704159  000000000008200000000000000000000000000000000000000000000000000000000000000000000000000000000000000000000000000000000                          0000000000                                                                  000006
1021903727600017200000260206200016896                         00000000400297589403000000000000000000000000060227012326/400297500000000400297589403300123000000001000023704152  000000000008200000000000000000000000000000000000000000000000000000000000000000000000000000000000000000000000000000000                          0000000000                                                                  000007
1021903727600017200000260206200016896                         00000000400867852715000000000000000000000000060227012326/400867800000000400867852715300123000000001000023704143  000000000008200000000000000000000000000000000000000000000000000000000000000000000000000000000000000000000000000000000                          7600000000                                                                  000008
1021903727600017200000260206200016896                         00000000400978656583000000000000000000000000060227012326/400978600000000400978656583300123000000000800023704143  000000000008200000000000000000000000000000000000000000000000000000000000000000000000000000000000000000000000000000000                          7600000000                                                                  000009
1021903727600017200000260206200016896                         00000000400104239974000000000000000000000000060627012326/400104200000000400104239974300123000000005000075604327  000000000000000000000000000000000000000000000000000000000000000000000000000000000000005000000000000000000000000000000   300123             00000000000000                                                                  000010
1021903727600017200000260206200016896                         00000000400297589403000000000000000000000000060627012326/400297500000000400297589403300123000000001000023700536  000000000000000000000000000000000000000000000000000000000000000000000000000000000000001000000000000000000000000000000   300123             00000000000000                                                                  000011
1021903727600017200000260206200016896                         00000000400989585459000000000000000000000000060627012326/400989500000000400989585459280123000000000800023700365  000000000000000000000000000000000000000000000000000000000000000000000000000000000000000800000000000000000000000000000   300123             00000000000000                                                                  000012
1021903727600017200000260206200016896                         00000000200017765393000000000000000000000000061027012326/200017700000000200017765393271122000000000965623700000  000000000000000000000000000000000000000000000000000000000000000000000000000000000000000000000000000000000000000000000                          1600000000                                                                  000013
9201237          000001240000000597454800001110          00008000000155496000000068000000030000000680000000100000000965600000000000000000000000000000000000000000000000000000000000000000000                                                                                                                                                                              00000000000000000000000         000014
