02RETORNO01COBRANCA       00000000000005034448E-PREPAG ADMINISTRADORA DE CAR237BRADESCO       2712210160000000837                                                                                                                                                                                                                                                                          281221         000001
1021903727600017200000260206200016896                         00000000100032305671000000000000000000000000060227122126/100032300000000100032305671281221000000031027823704602  000000000008200000000000000000000000000000000000000000000000000000000000000000000000000000000000000000000000000000000                          0000000000                                                                  000002
1021903727600017200000260206200016896                         00000000100032306384000000000000000000000000060227122126/100032300000000100032306384281221000000000482523704151  000000000008200000000000000000000000000000000000000000000000000000000000000000000000000000000000000000000000000000000                          0000000000                                                                  000003
1021903727600017200000260206200016896                         00000000100032306546000000000000000000000000060227122126/100032300000000100032306546281221000000001330023704151  000000000008200000000000000000000000000000000000000000000000000000000000000000000000000000000000000000000000000000000                          0000000000                                                                  000004
1021903727600017200000260206200016896                         00000000100032307224000000000000000000000000060227122126/100032300000000100032307224281221000000000360023704152  000000000008200000000000000000000000000000000000000000000000000000000000000000000000000000000000000000000000000000000                          0000000000                                                                  000005
1021903727600017200000260206200016896                         00000000100032307240000000000000000000000000060227122126/100032300000000100032307240281221000000000325023704400  000000000008200000000000000000000000000000000000000000000000000000000000000000000000000000000000000000000000000000000                          0000000000                                                                  000006
1021903727600017200000260206200016896                         00000000100032309073000000000000000000000000060227122126/100032300000000100032309073281221000000002232623704436  000000000008200000000000000000000000000000000000000000000000000000000000000000000000000000000000000000000000000000000                          0000000000                                                                  000007
1021903727600017200000260206200016896                         00000000200324885495000000000000000000000000060227122126/200324800000000200324885495281221000000000207223700320  000000000008200000000000000000000000000000000000000000000000000000000000000000000000000000000000000000000000000000000                          0000000000                                                                  000008
1021903727600017200000260206200016896                         0000000020048799609P000000000000000000000000060227122126/20048790000000020048799609P281221000000000207223704400  000000000008200000000000000000000000000000000000000000000000000000000000000000000000000000000000000000000000000000000                          0000000000                                                                  000009
1021903727600017200000260206200016896                         00000000200653419012000000000000000000000000060227122126/200653400000000200653419012291221000000000169923700153  000000000008200000000000000000000000000000000000000000000000000000000000000000000000000000000000000000000000000000000                          0000000000                                                                  000010
1021903727600017200000260206200016896                         00000000200739744161000000000000000000000000060227122126/200739700000000200739744161281221000000001702723704151  000000000008200000000000000000000000000000000000000000000000000000000000000000000000000000000000000000000000000000000                          7600000000                                                                  000011
1021903727600017200000260206200016896                         00000000200786002769000000000000000000000000060227122126/200786000000000200786002769281221000000001702723704151  000000000008200000000000000000000000000000000000000000000000000000000000000000000000000000000000000000000000000000000                          7600000000                                                                  000012
1021903727600017200000260206200016896                         00000000200845609257000000000000000000000000060227122126/200845600000000200845609257281221000000000119923700408  000000000008200000000000000000000000000000000000000000000000000000000000000000000000000000000000000000000000000000000                          0000000000                                                                  000013
1021903727600017200000260206200016896                         00000000200914554389000000000000000000000000060227122126/200914500000000200914554389281221000000000219923704159  000000000008200000000000000000000000000000000000000000000000000000000000000000000000000000000000000000000000000000000                          0000000000                                                                  000014
1021903727600017200000260206200016896                         00000000400092399202000000000000000000000000060227122126/400092300000000400092399202301221000000007900023704154  000000000008200000000000000000000000000000000000000000000000000000000000000000000000000000000000000000000000000000000                          0000000000                                                                  000015
1021903727600017200000260206200016896                         00000000400188823552000000000000000000000000060227122126/400188800000000400188823552301221000000000800023704422  000000000008200000000000000000000000000000000000000000000000000000000000000000000000000000000000000000000000000000000                          0000000000                                                                  000016
1021903727600017200000260206200016896                         00000000400207333464000000000000000000000000060227122126/400207300000000400207333464301221000000010000023704154  000000000008200000000000000000000000000000000000000000000000000000000000000000000000000000000000000000000000000000000                          0000000000                                                                  000017
1021903727600017200000260206200016896                         00000000400239386853000000000000000000000000060227122126/400239300000000400239386853301221000000001250023700140  000000000008200000000000000000000000000000000000000000000000000000000000000000000000000000000000000000000000000000000                          0000000000                                                                  000018
1021903727600017200000260206200016896                         00000000400300335884000000000000000000000000060227122126/400300300000000400300335884301221000000005000023700153  000000000008200000000000000000000000000000000000000000000000000000000000000000000000000000000000000000000000000000000                          0000000000                                                                  000019
1021903727600017200000260206200016896                         00000000400345579857000000000000000000000000060227122126/400345500000000400345579857301221000000003850023704159  000000000008200000000000000000000000000000000000000000000000000000000000000000000000000000000000000000000000000000000                          0000000000                                                                  000020
1021903727600017200000260206200016896                         00000000400360679175000000000000000000000000060227122126/400360600000000400360679175301221000000000800023704159  000000000008200000000000000000000000000000000000000000000000000000000000000000000000000000000000000000000000000000000                          0000000000                                                                  000021
1021903727600017200000260206200016896                         00000000400366364486000000000000000000000000060227122126/400366300000000400366364486301221000000012000023704143  000000000008200000000000000000000000000000000000000000000000000000000000000000000000000000000000000000000000000000000                          0000000000                                                                  000022
1021903727600017200000260206200016896                         00000000400387590656000000000000000000000000060227122126/400387500000000400387590656301221000000001360023704151  000000000008200000000000000000000000000000000000000000000000000000000000000000000000000000000000000000000000000000000                          0000000000                                                                  000023
1021903727600017200000260206200016896                         00000000400408541286000000000000000000000000060227122126/400408500000000400408541286301221000000005000023704159  000000000008200000000000000000000000000000000000000000000000000000000000000000000000000000000000000000000000000000000                          0000000000                                                                  000024
1021903727600017200000260206200016896                         00000000400486331417000000000000000000000000060227122126/400486300000000400486331417301221000000004000023704159  000000000008200000000000000000000000000000000000000000000000000000000000000000000000000000000000000000000000000000000                          0000000000                                                                  000025
1021903727600017200000260206200016896                         0000000040048688226P000000000000000000000000060227122126/40048680000000040048688226P301221000000002600023704426  000000000008200000000000000000000000000000000000000000000000000000000000000000000000000000000000000000000000000000000                          0000000000                                                                  000026
1021903727600017200000260206200016896                         00000000400498660343000000000000000000000000060227122126/400498600000000400498660343301221000000003000023700140  000000000008200000000000000000000000000000000000000000000000000000000000000000000000000000000000000000000000000000000                          0000000000                                                                  000027
1021903727600017200000260206200016896                         00000000400510002721000000000000000000000000060227122126/400510000000000400510002721301221000000007130023704158  000000000008200000000000000000000000000000000000000000000000000000000000000000000000000000000000000000000000000000000                          0000000000                                                                  000028
1021903727600017200000260206200016896                         0000000040055614301P000000000000000000000000060227122126/40055610000000040055614301P271221000000008000023704159  000000000008200000000000000000000000000000000000000000000000000000000000000000000000000000000000000000000000000000000                          0000000000                                                                  000029
1021903727600017200000260206200016896                         00000000400558828311000000000000000000000000060227122126/400558800000000400558828311301221000000002000023704152  000000000008200000000000000000000000000000000000000000000000000000000000000000000000000000000000000000000000000000000                          0000000000                                                                  000030
1021903727600017200000260206200016896                         00000000400643884360000000000000000000000000060227122126/400643800000000400643884360301221000000001000023704151  000000000008200000000000000000000000000000000000000000000000000000000000000000000000000000000000000000000000000000000                          0000000000                                                                  000031
1021903727600017200000260206200016896                         00000000400683325143000000000000000000000000060227122126/400683300000000400683325143301221000000000800023704452  000000000008200000000000000000000000000000000000000000000000000000000000000000000000000000000000000000000000000000000                          0000000000                                                                  000032
1021903727600017200000260206200016896                         00000000400704228062000000000000000000000000060227122126/400704200000000400704228062301221000000000800023704452  000000000008200000000000000000000000000000000000000000000000000000000000000000000000000000000000000000000000000000000                          0000000000                                                                  000033
1021903727600017200000260206200016896                         00000000400788772692000000000000000000000000060227122126/400788700000000400788772692301221000000004000023704159  000000000008200000000000000000000000000000000000000000000000000000000000000000000000000000000000000000000000000000000                          0000000000                                                                  000034
1021903727600017200000260206200016896                         00000000400852603700000000000000000000000000060227122126/400852600000000400852603700301221000000004550023704426  000000000008200000000000000000000000000000000000000000000000000000000000000000000000000000000000000000000000000000000                          0000000000                                                                  000035
1021903727600017200000260206200016896                         00000000400857588394000000000000000000000000060227122126/400857500000000400857588394301221000000150000023704428  000000000008200000000000000000000000000000000000000000000000000000000000000000000000000000000000000000000000000000000                          7600000000                                                                  000036
1021903727600017200000260206200016896                         00000000400873822526000000000000000000000000060227122126/400873800000000400873822526291221000000000800023704151  000000000008200000000000000000000000000000000000000000000000000000000000000000000000000000000000000000000000000000000                          0000000000                                                                  000037
1021903727600017200000260206200016896                         00000000400939015481000000000000000000000000060227122126/400939000000000400939015481301221000000012000023704152  000000000008200000000000000000000000000000000000000000000000000000000000000000000000000000000000000000000000000000000                          0000000000                                                                  000038
1021903727600017200000260206200016896                         00000000400960517128000000000000000000000000060227122126/400960500000000400960517128301221000000001890023704151  000000000008200000000000000000000000000000000000000000000000000000000000000000000000000000000000000000000000000000000                          0000000000                                                                  000039
1021903727600017200000260206200016896                         00000000600187710036000000000000000000000000060227122126/600187700000000600187710036301221000000000069923704151  000000000008200000000000000000000000000000000000000000000000000000000000000000000000000000000000000000000000000000000                          0000000000                                                                  000040
1021903727600017200000260206200016896                         00000000600641504020000000000000000000000000060227122126/600641500000000600641504020301221000000000069923704151  000000000008200000000000000000000000000000000000000000000000000000000000000000000000000000000000000000000000000000000                          0000000000                                                                  000041
1021903727600017200000260206200016896                         00000000600791571842000000000000000000000000060227122126/600791500000000600791571842301221000000000500023704157  000000000008200000000000000000000000000000000000000000000000000000000000000000000000000000000000000000000000000000000                          0000000000                                                                  000042
1021903727600017200000260206200016896                         00000000100032305671000000000000000000000000060627122126/100032300000000100032305671281221000000031027834106805  000000000000000000000000000000000000000000000000000000000000000000000000000000000000031027800000000000000000000000000   281221             00000000000000                                                                  000043
1021903727600017200000260206200016896                         00000000100032306384000000000000000000000000060627122126/100032300000000100032306384281221000000000482534100248  000000000000000000000000000000000000000000000000000000000000000000000000000000000000000482500000000000000000000000000   281221             00000000000000                                                                  000044
1021903727600017200000260206200016896                         00000000100032306546000000000000000000000000060627122126/100032300000000100032306546281221000000001330000103567  000000000000000000000000000000000000000000000000000000000000000000000000000000000000001330000000000000000000000000000   281221             00000000000000                                                                  000045
1021903727600017200000260206200016896                         00000000100032307224000000000000000000000000060627122126/100032300000000100032307224281221000000000360063300001  000000000000000000000000000000000000000000000000000000000000000000000000000000000000000360000000000000000000000000000   281221             00000000000000                                                                  000046
1021903727600017200000260206200016896                         00000000100032307240000000000000000000000000060627122126/100032300000000100032307240281221000000000325063300001  000000000000000000000000000000000000000000000000000000000000000000000000000000000000000325000000000000000000000000000   281221             00000000000000                                                                  000047
1021903727600017200000260206200016896                         00000000100032309073000000000000000000000000060627122126/100032300000000100032309073281221000000002232663300001  000000000000000000000000000000000000000000000000000000000000000000000000000000000000002232600000000000000000000000000   281221             00000000000000                                                                  000048
1021903727600017200000260206200016896                         00000000200324885495000000000000000000000000060627122126/200324800000000200324885495281221000000000207226000001  000000000000000000000000000000000000000000000000000000000000000000000000000000000000000207200000000000000000000000000   281221             00000000000000                                                                  000049
1021903727600017200000260206200016896                         0000000020048799609P000000000000000000000000060627122126/20048790000000020048799609P281221000000000207234109926  000000000000000000000000000000000000000000000000000000000000000000000000000000000000000207200000000000000000000000000   281221             00000000000000                                                                  000050
1021903727600017200000260206200016896                         00000000200653419012000000000000000000000000060627122126/200653400000000200653419012291221000000000169900102290  000000000000000000000000000000000000000000000000000000000000000000000000000000000000000169900000000000000000000000000   281221             00000000000000                                                                  000051
1021903727600017200000260206200016896                         00000000200786002769000000000000000000000000060627122126/200786000000000200786002769281221000000001702708100001  000000000000000000000000000000000000000000000000000000000000000000000000000000000000001702700000000000000000000000000   281221             00000000000000                                                                  000052
1021903727600017200000260206200016896                         0000000020090753738P000000000000000000000000060627122126/20090750000000020090753738P271221000000000868310401785  000000000000000000000000000000000000000000000000000000000000000000000000000000000000000868300000000000000000000000000   281221             00000000000000                                                                  000053
1021903727600017200000260206200016896                         00000000400092399202000000000000000000000000060627122126/400092300000000400092399202301221000000007900075601396  000000000000000000000000000000000000000000000000000000000000000000000000000000000000007900000000000000000000000000000   281221             00000000000000                                                                  000054
1021903727600017200000260206200016896                         00000000400181677615000000000000000000000000060627122126/400181600000000400181677615251221000000003440010400422  000000000000000000000000000000000000000000000000000000000000000000000000000000000000003440000000000000000000000000000   281221             00000000000000                                                                  000055
1021903727600017200000260206200016896                         00000000400188823552000000000000000000000000060627122126/400188800000000400188823552301221000000000800000103192  000000000000000000000000000000000000000000000000000000000000000000000000000000000000000800000000000000000000000000000   281221             00000000000000                                                                  000056
1021903727600017200000260206200016896                         00000000400207333464000000000000000000000000060627122126/400207300000000400207333464301221000000010000010400169  000000000000000000000000000000000000000000000000000000000000000000000000000000000000010000000000000000000000000000000   281221             00000000000000                                                                  000057
1021903727600017200000260206200016896                         00000000400239386853000000000000000000000000060627122126/400239300000000400239386853301221000000001250007000264  000000000000000000000000000000000000000000000000000000000000000000000000000000000000001250000000000000000000000000000   281221             00000000000000                                                                  000058
1021903727600017200000260206200016896                         00000000400300335884000000000000000000000000060627122126/400300300000000400300335884301221000000005000000102265  000000000000000000000000000000000000000000000000000000000000000000000000000000000000005000000000000000000000000000000   281221             00000000000000                                                                  000059
1021903727600017200000260206200016896                         00000000400345579857000000000000000000000000060627122126/400345500000000400345579857301221000000003850075604327  000000000000000000000000000000000000000000000000000000000000000000000000000000000000003850000000000000000000000000000   281221             00000000000000                                                                  000060
1021903727600017200000260206200016896                         00000000400360679175000000000000000000000000060627122126/400360600000000400360679175301221000000000800075604327  000000000000000000000000000000000000000000000000000000000000000000000000000000000000000800000000000000000000000000000   281221             00000000000000                                                                  000061
1021903727600017200000260206200016896                         00000000400387590656000000000000000000000000060627122126/400387500000000400387590656301221000000001360021200001  000000000000000000000000000000000000000000000000000000000000000000000000000000000000001360000000000000000000000000000   281221             00000000000000                                                                  000062
1021903727600017200000260206200016896                         00000000400408541286000000000000000000000000060627122126/400408500000000400408541286301221000000005000000100922  000000000000000000000000000000000000000000000000000000000000000000000000000000000000005000000000000000000000000000000   281221             00000000000000                                                                  000063
1021903727600017200000260206200016896                         0000000040048688226P000000000000000000000000060627122126/40048680000000040048688226P301221000000002600004100377  000000000000000000000000000000000000000000000000000000000000000000000000000000000000002600000000000000000000000000000   281221             00000000000000                                                                  000064
1021903727600017200000260206200016896                         00000000400498660343000000000000000000000000060627122126/400498600000000400498660343301221000000003000075604327  000000000000000000000000000000000000000000000000000000000000000000000000000000000000003000000000000000000000000000000   281221             00000000000000                                                                  000065
1021903727600017200000260206200016896                         00000000400558828311000000000000000000000000060627122126/400558800000000400558828311301221000000002000023700536  000000000000000000000000000000000000000000000000000000000000000000000000000000000000002000000000000000000000000000000   281221             00000000000000                                                                  000066
1021903727600017200000260206200016896                         00000000400643884360000000000000000000000000060627122126/400643800000000400643884360301221000000001000010400280  000000000000000000000000000000000000000000000000000000000000000000000000000000000000001000000000000000000000000000000   281221             00000000000000                                                                  000067
1021903727600017200000260206200016896                         00000000400652325463000000000000000000000000060627122126/400652300000000400652325463271221000000005000013301529  000000000000000000000000000000000000000000000000000000000000000000000000000000000000005000000000000000000000000000000   281221             00000000000000                                                                  000068
1021903727600017200000260206200016896                         00000000400683325143000000000000000000000000060627122126/400683300000000400683325143301221000000000800075604327  000000000000000000000000000000000000000000000000000000000000000000000000000000000000000800000000000000000000000000000   281221             00000000000000                                                                  000069
1021903727600017200000260206200016896                         00000000400704228062000000000000000000000000060627122126/400704200000000400704228062301221000000000800075604327  000000000000000000000000000000000000000000000000000000000000000000000000000000000000000800000000000000000000000000000   281221             00000000000000                                                                  000070
1021903727600017200000260206200016896                         00000000400827674393000000000000000000000000060627122126/400827600000000400827674393271221000000006430075601396  000000000000000000000000000000000000000000000000000000000000000000000000000000000000006430000000000000000000000000000   281221             00000000000000                                                                  000071
1021903727600017200000260206200016896                         00000000400852603700000000000000000000000000060627122126/400852600000000400852603700301221000000004550010403711  000000000000000000000000000000000000000000000000000000000000000000000000000000000000004550000000000000000000000000000   281221             00000000000000                                                                  000072
1021903727600017200000260206200016896                         00000000400873822526000000000000000000000000060627122126/400873800000000400873822526291221000000000800063300001  000000000000000000000000000000000000000000000000000000000000000000000000000000000000000800000000000000000000000000000   281221             00000000000000                                                                  000073
1021903727600017200000260206200016896                         00000000400939015481000000000000000000000000060627122126/400939000000000400939015481301221000000012000007700001  000000000000000000000000000000000000000000000000000000000000000000000000000000000000012000000000000000000000000000000   281221             00000000000000                                                                  000074
1021903727600017200000260206200016896                         00000000400960517128000000000000000000000000060627122126/400960500000000400960517128301221000000001890023706176  000000000000000000000000000000000000000000000000000000000000000000000000000000000000001890000000000000000000000000000   281221             00000000000000                                                                  000075
1021903727600017200000260206200016896                         00000000200155005278000000000000000000000000061027122126/200155000000000200155005278251021000000000206723700000  000000000000000000000000000000000000000000000000000000000000000000000000000000000000000000000000000000000000000000000                          1600000000                                                                  000076
1021903727600017200000260206200016896                         00000000200245135510000000000000000000000000061027122126/200245100000000200245135510261021000000000679523700000  000000000000000000000000000000000000000000000000000000000000000000000000000000000000000000000000000000000000000000000                          1600000000                                                                  000077
1021903727600017200000260206200016896                         0000000020074565039P000000000000000000000000061027122126/20074560000000020074565039P261021000000001083223700000  000000000000000000000000000000000000000000000000000000000000000000000000000000000000000000000000000000000000000000000                          1600000000                                                                  000078
1021903727600017200000260206200016896                         00000000200768372001000000000000000000000000061027122126/200768300000000200768372001261021000000000526623700000  000000000000000000000000000000000000000000000000000000000000000000000000000000000000000000000000000000000000000000000                          1600000000                                                                  000079
1021903727600017200000260206200016896                         00000000200814271150000000000000000000000000061027122126/200814200000000200814271150271021000000002000023700000  000000000000000000000000000000000000000000000000000000000000000000000000000000000000000000000000000000000000000000000                          1600000000                                                                  000080
1021903727600017200000260206200016896                         00000000200872418781000000000000000000000000061027122126/200872400000000200872418781251021000000001359923700000  000000000000000000000000000000000000000000000000000000000000000000000000000000000000000000000000000000000000000000000                          1600000000                                                                  000081
1021903727600017200000260206200016896                         00000000400118077780000000000000000000000000061027122126/400118000000000400118077780251021000000002000023700000  000000000000000000000000000000000000000000000000000000000000000000000000000000000000000000000000000000000000000000000                          1600000000                                                                  000082
1021903727600017200000260206200016896                         0000000040021595950P000000000000000000000000061027122126/40021590000000040021595950P251021000000001050023700000  000000000000000000000000000000000000000000000000000000000000000000000000000000000000000000000000000000000000000000000                          1600000000                                                                  000083
1021903727600017200000260206200016896                         00000000400314134563000000000000000000000000061027122126/400314100000000400314134563251021000000001300023700000  000000000000000000000000000000000000000000000000000000000000000000000000000000000000000000000000000000000000000000000                          1600000000                                                                  000084
1021903727600017200000260206200016896                         00000000400399575423000000000000000000000000061027122126/400399500000000400399575423251021000000000800023700000  000000000000000000000000000000000000000000000000000000000000000000000000000000000000000000000000000000000000000000000                          1600000000                                                                  000085
1021903727600017200000260206200016896                         00000000400464016127000000000000000000000000061027122126/400464000000000400464016127251021000000003000023700000  000000000000000000000000000000000000000000000000000000000000000000000000000000000000000000000000000000000000000000000                          1600000000                                                                  000086
1021903727600017200000260206200016896                         00000000400474298791000000000000000000000000061027122126/400474200000000400474298791261021000000002500023700000  000000000000000000000000000000000000000000000000000000000000000000000000000000000000000000000000000000000000000000000                          1600000000                                                                  000087
1021903727600017200000260206200016896                         00000000400533354528000000000000000000000000061027122126/400533300000000400533354528251021000000004000023700000  000000000000000000000000000000000000000000000000000000000000000000000000000000000000000000000000000000000000000000000                          1600000000                                                                  000088
1021903727600017200000260206200016896                         00000000400608102465000000000000000000000000061027122126/400608100000000400608102465251021000000006200023700000  000000000000000000000000000000000000000000000000000000000000000000000000000000000000000000000000000000000000000000000                          1600000000                                                                  000089
1021903727600017200000260206200016896                         00000000400615665513000000000000000000000000061027122126/400615600000000400615665513251021000000000800023700000  000000000000000000000000000000000000000000000000000000000000000000000000000000000000000000000000000000000000000000000                          1600000000                                                                  000090
1021903727600017200000260206200016896                         00000000400692493733000000000000000000000000061027122126/400692400000000400692493733251021000000000800023700000  000000000000000000000000000000000000000000000000000000000000000000000000000000000000000000000000000000000000000000000                          1600000000                                                                  000091
1021903727600017200000260206200016896                         00000000400693707710000000000000000000000000061027122126/400693700000000400693707710251021000000002000023700000  000000000000000000000000000000000000000000000000000000000000000000000000000000000000000000000000000000000000000000000                          1600000000                                                                  000092
1021903727600017200000260206200016896                         00000000400704095593000000000000000000000000061027122126/400704000000000400704095593271021000000000800023700000  000000000000000000000000000000000000000000000000000000000000000000000000000000000000000000000000000000000000000000000                          1600000000                                                                  000093
1021903727600017200000260206200016896                         00000000400783418831000000000000000000000000061027122126/400783400000000400783418831251021000000001260023700000  000000000000000000000000000000000000000000000000000000000000000000000000000000000000000000000000000000000000000000000                          1600000000                                                                  000094
1021903727600017200000260206200016896                         0000000040091871181P000000000000000000000000061027122126/40091870000000040091871181P261021000000002500023700000  000000000000000000000000000000000000000000000000000000000000000000000000000000000000000000000000000000000000000000000                          1600000000                                                                  000095
1021903727600017200000260206200016896                         00000000400932968122000000000000000000000000061027122126/400932900000000400932968122251021000000000800023700000  000000000000000000000000000000000000000000000000000000000000000000000000000000000000000000000000000000000000000000000                          1600000000                                                                  000096
1021903727600017200000260206200016896                         0000000040093582153P000000000000000000000000061027122126/40093580000000040093582153P251021000000000800023700000  000000000000000000000000000000000000000000000000000000000000000000000000000000000000000000000000000000000000000000000                          1600000000                                                                  000097
1021903727600017200000260206200016896                         00000000400953855069000000000000000000000000061027122126/400953800000000400953855069251021000000000800023700000  000000000000000000000000000000000000000000000000000000000000000000000000000000000000000000000000000000000000000000000                          1600000000                                                                  000098
1021903727600017200000260206200016896                         00000000400985108761000000000000000000000000061027122126/400985100000000400985108761251021000000000800023700000  000000000000000000000000000000000000000000000000000000000000000000000000000000000000000000000000000000000000000000000                          1600000000                                                                  000099
1021903727600017200000260206200016896                         00000000600413835068000000000000000000000000061027122126/600413800000000600413835068251021000000000169923700000  000000000000000000000000000000000000000000000000000000000000000000000000000000000000000000000000000000000000000000000                          1600000000                                                                  000100
9201237          000003290000001049450100000837          00041000002912572000001191832000330000011918320002500000038235800000000000000000000000000000000000000000000000000000000000000000000                                                                                                                                                                              00000000000000000000000         000101
