02RETORNO01COBRANCA       00000000000005034448E-PREPAG ADMINISTRADORA DE CAR237BRADESCO       2712220160000001088                                                                                                                                                                                                                                                                          281222         000001
1021903727600017200000260206200016896                         00000000200356528988000000000000000000000000060227122226/200356500000000200356528988301222000000000426423700408  000000000000000000000000000000000000000000000000000000000000000000000000000000000000000000000000000000000000000000000                          7600000000                                                                  000002
1021903727600017200000260206200016896                         00000000200392569127000000000000000000000000060227122226/200392500000000200392569127301222000000001043323704428  000000000008200000000000000000000000000000000000000000000000000000000000000000000000000000000000000000000000000000000                          0000000000                                                                  000003
1021903727600017200000260206200016896                         00000000400198565322000000000000000000000000060227122226/400198500000000400198565322301222000000000800023704151  000000000008200000000000000000000000000000000000000000000000000000000000000000000000000000000000000000000000000000000                          0000000000                                                                  000004
1021903727600017200000260206200016896                         00000000400915189527000000000000000000000000060227122226/400915100000000400915189527301222000000003000023700140  000000000008200000000000000000000000000000000000000000000000000000000000000000000000000000000000000000000000000000000                          0000000000                                                                  000005
1021903727600017200000260206200016896                         00000000400958955223000000000000000000000000060227122226/400958900000000400958955223301222000000001500023704152  000000000008200000000000000000000000000000000000000000000000000000000000000000000000000000000000000000000000000000000                          0000000000                                                                  000006
1021903727600017200000260206200016896                         00000000400687537234000000000000000000000000060627122226/400687500000000400687537234291222000000001500010400422  000000000000000000000000000000000000000000000000000000000000000000000000000000000000001500000000000000000000000000000   281222             00000000000000                                                                  000007
1021903727600017200000260206200016896                         00000000400915189527000000000000000000000000060627122226/400915100000000400915189527301222000000003000075604327  000000000000000000000000000000000000000000000000000000000000000000000000000000000000003000000000000000000000000000000   281222             00000000000000                                                                  000008
1021903727600017200000260206200016896                         00000000400958955223000000000000000000000000060627122226/400958900000000400958955223301222000000001500023700536  000000000000000000000000000000000000000000000000000000000000000000000000000000000000001500000000000000000000000000000   281222             00000000000000                                                                  000009
1021903727600017200000260206200016896                         00000000400607053282000000000000000000000000061027122226/400607000000000400607053282271022000000002070023700000  000000000000000000000000000000000000000000000000000000000000000000000000000000000000000000000000000000000000000000000                          1600000000                                                                  000010
9201237          000001360000000888974500001088          00005000000067697000000060000000030000000600000000100000002070000000000000000000000000000000000000000000000000000000000000000000000                                                                                                                                                                              00000000000000000000000         000011
