02RETORNO01COBRANCA       00000000000005034448E-PREPAG ADMINISTRADORA DE CAR237BRADESCO       2709210160000000775                                                                                                                                                                                                                                                                          280921         000001
1021903727600017200000260206200016896                         00000000100031459578000000000000000000000000060227092126/100031400000000100031459578280921000000002804723704151  000000000008200000000000000000000000000000000000000000000000000000000000000000000000000000000000000000000000000000000                          7600000000                                                                  000002
1021903727600017200000260206200016896                         00000000100031486907000000000000000000000000060227092126/100031400000000100031486907280921000000033248823704602  000000000008200000000000000000000000000000000000000000000000000000000000000000000000000000000000000000000000000000000                          0000000000                                                                  000003
1021903727600017200000260206200016896                         00000000100031512215000000000000000000000000060227092126/100031500000000100031512215280921000000002381123704400  000000000008200000000000000000000000000000000000000000000000000000000000000000000000000000000000000000000000000000000                          0000000000                                                                  000004
1021903727600017200000260206200016896                         00000000200167264031000000000000000000000000060227092126/200167200000000200167264031290921000000000119923704400  000000000008200000000000000000000000000000000000000000000000000000000000000000000000000000000000000000000000000000000                          0000000000                                                                  000005
1021903727600017200000260206200016896                         0000000020017531319P000000000000000000000000060227092126/20017530000000020017531319P280921000000000960423704159  000000000008200000000000000000000000000000000000000000000000000000000000000000000000000000000000000000000000000000000                          0000000000                                                                  000006
1021903727600017200000260206200016896                         00000000200214591534000000000000000000000000060227092126/200214500000000200214591534280921000000000500023704400  000000000008200000000000000000000000000000000000000000000000000000000000000000000000000000000000000000000000000000000                          0000000000                                                                  000007
1021903727600017200000260206200016896                         00000000200232925024000000000000000000000000060227092126/200232900000000200232925024300921000000000269923704400  000000000008200000000000000000000000000000000000000000000000000000000000000000000000000000000000000000000000000000000                          0000000000                                                                  000008
1021903727600017200000260206200016896                         00000000200268549207000000000000000000000000060227092126/200268500000000200268549207300921000000000244123704424  000000000008200000000000000000000000000000000000000000000000000000000000000000000000000000000000000000000000000000000                          0000000000                                                                  000009
1021903727600017200000260206200016896                         00000000200283609992000000000000000000000000060227092126/200283600000000200283609992290921000000000313523704426  000000000008200000000000000000000000000000000000000000000000000000000000000000000000000000000000000000000000000000000                          0000000000                                                                  000010
1021903727600017200000260206200016896                         00000000200295938827000000000000000000000000060227092126/200295900000000200295938827290921000000000533423704400  000000000008200000000000000000000000000000000000000000000000000000000000000000000000000000000000000000000000000000000                          0000000000                                                                  000011
1021903727600017200000260206200016896                         0000000020036826787P000000000000000000000000060227092126/20036820000000020036826787P280921000000000960423704424  000000000008200000000000000000000000000000000000000000000000000000000000000000000000000000000000000000000000000000000                          7600000000                                                                  000012
1021903727600017200000260206200016896                         00000000200447868692000000000000000000000000060227092126/200447800000000200447868692300921000000001601323703162  000000000008200000000000000000000000000000000000000000000000000000000000000000000000000000000000000000000000000000000                          0000000000                                                                  000013
1021903727600017200000260206200016896                         00000000200577829176000000000000000000000000060227092126/200577800000000200577829176290921000000000500023703109  000000000008200000000000000000000000000000000000000000000000000000000000000000000000000000000000000000000000000000000                          0000000000                                                                  000014
1021903727600017200000260206200016896                         00000000200581483101000000000000000000000000060227092126/200581400000000200581483101290921000000006000023700073  000000000008200000000000000000000000000000000000000000000000000000000000000000000000000000000000000000000000000000000                          7600000000                                                                  000015
1021903727600017200000260206200016896                         00000000200676110442000000000000000000000000060227092126/200676100000000200676110442300921000000000313523704400  000000000008200000000000000000000000000000000000000000000000000000000000000000000000000000000000000000000000000000000                          0000000000                                                                  000016
1021903727600017200000260206200016896                         00000000200772675132000000000000000000000000060227092126/200772600000000200772675132300921000000006000023700073  000000000008200000000000000000000000000000000000000000000000000000000000000000000000000000000000000000000000000000000                          7600000000                                                                  000017
1021903727600017200000260206200016896                         00000000200903870823000000000000000000000000060227092126/200903800000000200903870823280921000000000952423704452  000000000008200000000000000000000000000000000000000000000000000000000000000000000000000000000000000000000000000000000                          0000000000                                                                  000018
1021903727600017200000260206200016896                         00000000200917655542000000000000000000000000060227092126/200917600000000200917655542300921000000006000023700073  000000000008200000000000000000000000000000000000000000000000000000000000000000000000000000000000000000000000000000000                          7600000000                                                                  000019
1021903727600017200000260206200016896                         0000000040001114180P000000000000000000000000060227092126/40001110000000040001114180P300921000000002500023700435  000000000008200000000000000000000000000000000000000000000000000000000000000000000000000000000000000000000000000000000                          0000000000                                                                  000020
1021903727600017200000260206200016896                         00000000400026148207000000000000000000000000060227092126/400026100000000400026148207300921000000003520023700320  000000000008200000000000000000000000000000000000000000000000000000000000000000000000000000000000000000000000000000000                          0000000000                                                                  000021
1021903727600017200000260206200016896                         00000000400112091404000000000000000000000000060227092126/400112000000000400112091404280921000000000800023704159  000000000008200000000000000000000000000000000000000000000000000000000000000000000000000000000000000000000000000000000                          0000000000                                                                  000022
1021903727600017200000260206200016896                         0000000040011322744P000000000000000000000000060227092126/40011320000000040011322744P300921000000010150023704154  000000000008200000000000000000000000000000000000000000000000000000000000000000000000000000000000000000000000000000000                          0000000000                                                                  000023
1021903727600017200000260206200016896                         00000000400127547994000000000000000000000000060227092126/400127500000000400127547994280921000000000800023704159  000000000008200000000000000000000000000000000000000000000000000000000000000000000000000000000000000000000000000000000                          0000000000                                                                  000024
1021903727600017200000260206200016896                         0000000040012968011P000000000000000000000000060227092126/40012960000000040012968011P300921000000000850023702062  000000000008200000000000000000000000000000000000000000000000000000000000000000000000000000000000000000000000000000000                          0000000000                                                                  000025
1021903727600017200000260206200016896                         00000000400133319200000000000000000000000000060227092126/400133300000000400133319200300921000000000800023704159  000000000008200000000000000000000000000000000000000000000000000000000000000000000000000000000000000000000000000000000                          0000000000                                                                  000026
1021903727600017200000260206200016896                         00000000400133658250000000000000000000000000060227092126/400133600000000400133658250300921000000003130023704158  000000000008200000000000000000000000000000000000000000000000000000000000000000000000000000000000000000000000000000000                          0000000000                                                                  000027
1021903727600017200000260206200016896                         0000000040013942801P000000000000000000000000060227092126/40013940000000040013942801P300921000000000800023700320  000000000008200000000000000000000000000000000000000000000000000000000000000000000000000000000000000000000000000000000                          0000000000                                                                  000028
1021903727600017200000260206200016896                         00000000400152369251000000000000000000000000060227092126/400152300000000400152369251300921000000012000023703109  000000000008200000000000000000000000000000000000000000000000000000000000000000000000000000000000000000000000000000000                          0000000000                                                                  000029
1021903727600017200000260206200016896                         00000000400154442134000000000000000000000000060227092126/400154400000000400154442134280921000000000800023704159  000000000008200000000000000000000000000000000000000000000000000000000000000000000000000000000000000000000000000000000                          0000000000                                                                  000030
1021903727600017200000260206200016896                         00000000400158167863000000000000000000000000060227092126/400158100000000400158167863300921000000000840023702062  000000000008200000000000000000000000000000000000000000000000000000000000000000000000000000000000000000000000000000000                          0000000000                                                                  000031
1021903727600017200000260206200016896                         00000000400166238656000000000000000000000000060227092126/400166200000000400166238656280921000000001530023704426  000000000008200000000000000000000000000000000000000000000000000000000000000000000000000000000000000000000000000000000                          0000000000                                                                  000032
1021903727600017200000260206200016896                         00000000400169010788000000000000000000000000060227092126/400169000000000400169010788300921000000001200023704426  000000000008200000000000000000000000000000000000000000000000000000000000000000000000000000000000000000000000000000000                          0000000000                                                                  000033
1021903727600017200000260206200016896                         00000000400170162419000000000000000000000000060227092126/400170100000000400170162419300921000000002500023704452  000000000008200000000000000000000000000000000000000000000000000000000000000000000000000000000000000000000000000000000                          0000000000                                                                  000034
1021903727600017200000260206200016896                         00000000400176401512000000000000000000000000060227092126/400176400000000400176401512300921000000004000023704159  000000000008200000000000000000000000000000000000000000000000000000000000000000000000000000000000000000000000000000000                          0000000000                                                                  000035
1021903727600017200000260206200016896                         00000000400179045679000000000000000000000000060227092126/400179000000000400179045679300921000000003780023702062  000000000008200000000000000000000000000000000000000000000000000000000000000000000000000000000000000000000000000000000                          0000000000                                                                  000036
1021903727600017200000260206200016896                         00000000400192796098000000000000000000000000060227092126/400192700000000400192796098300921000000002030023702062  000000000008200000000000000000000000000000000000000000000000000000000000000000000000000000000000000000000000000000000                          0000000000                                                                  000037
1021903727600017200000260206200016896                         00000000400195304110000000000000000000000000060227092126/400195300000000400195304110300921000000000800023704159  000000000008200000000000000000000000000000000000000000000000000000000000000000000000000000000000000000000000000000000                          0000000000                                                                  000038
1021903727600017200000260206200016896                         00000000400199362921000000000000000000000000060227092126/400199300000000400199362921300921000000000800023704602  000000000008200000000000000000000000000000000000000000000000000000000000000000000000000000000000000000000000000000000                          7600000000                                                                  000039
1021903727600017200000260206200016896                         00000000400203688896000000000000000000000000060227092126/400203600000000400203688896300921000000000830023702062  000000000008200000000000000000000000000000000000000000000000000000000000000000000000000000000000000000000000000000000                          0000000000                                                                  000040
1021903727600017200000260206200016896                         00000000400231907994000000000000000000000000060227092126/400231900000000400231907994280921000000002500023704424  000000000008200000000000000000000000000000000000000000000000000000000000000000000000000000000000000000000000000000000                          0000000000                                                                  000041
1021903727600017200000260206200016896                         00000000400235953788000000000000000000000000060227092126/400235900000000400235953788300921000000002440023700140  000000000008200000000000000000000000000000000000000000000000000000000000000000000000000000000000000000000000000000000                          0000000000                                                                  000042
1021903727600017200000260206200016896                         00000000400243046897000000000000000000000000060227092126/400243000000000400243046897300921000000000810023702062  000000000008200000000000000000000000000000000000000000000000000000000000000000000000000000000000000000000000000000000                          0000000000                                                                  000043
1021903727600017200000260206200016896                         0000000040026895545P000000000000000000000000060227092126/40026890000000040026895545P280921000000000800023704159  000000000008200000000000000000000000000000000000000000000000000000000000000000000000000000000000000000000000000000000                          0000000000                                                                  000044
1021903727600017200000260206200016896                         00000000400281361577000000000000000000000000060227092126/400281300000000400281361577300921000000000800023704452  000000000008200000000000000000000000000000000000000000000000000000000000000000000000000000000000000000000000000000000                          0000000000                                                                  000045
1021903727600017200000260206200016896                         00000000400299634384000000000000000000000000060227092126/400299600000000400299634384300921000000000830023704602  000000000008200000000000000000000000000000000000000000000000000000000000000000000000000000000000000000000000000000000                          7600000000                                                                  000046
1021903727600017200000260206200016896                         0000000040030590657P000000000000000000000000060227092126/40030590000000040030590657P300921000000000800023704159  000000000008200000000000000000000000000000000000000000000000000000000000000000000000000000000000000000000000000000000                          0000000000                                                                  000047
1021903727600017200000260206200016896                         00000000400305988401000000000000000000000000060227092126/400305900000000400305988401280921000000000800023704159  000000000008200000000000000000000000000000000000000000000000000000000000000000000000000000000000000000000000000000000                          0000000000                                                                  000048
1021903727600017200000260206200016896                         00000000400313543451000000000000000000000000060227092126/400313500000000400313543451300921000000002500023704400  000000000008200000000000000000000000000000000000000000000000000000000000000000000000000000000000000000000000000000000                          0000000000                                                                  000049
1021903727600017200000260206200016896                         00000000400319476411000000000000000000000000060227092126/400319400000000400319476411300921000000000800023704159  000000000008200000000000000000000000000000000000000000000000000000000000000000000000000000000000000000000000000000000                          0000000000                                                                  000050
1021903727600017200000260206200016896                         00000000400329741067000000000000000000000000060227092126/400329700000000400329741067300921000000012000023700153  000000000008200000000000000000000000000000000000000000000000000000000000000000000000000000000000000000000000000000000                          0000000000                                                                  000051
1021903727600017200000260206200016896                         00000000400333428357000000000000000000000000060227092126/400333400000000400333428357300921000000001500023704452  000000000008200000000000000000000000000000000000000000000000000000000000000000000000000000000000000000000000000000000                          0000000000                                                                  000052
1021903727600017200000260206200016896                         0000000040034041566P000000000000000000000000060227092126/40034040000000040034041566P280921000000000800023704159  000000000008200000000000000000000000000000000000000000000000000000000000000000000000000000000000000000000000000000000                          0000000000                                                                  000053
1021903727600017200000260206200016896                         00000000400348798339000000000000000000000000060227092126/400348700000000400348798339300921000000000800023704159  000000000008200000000000000000000000000000000000000000000000000000000000000000000000000000000000000000000000000000000                          0000000000                                                                  000054
1021903727600017200000260206200016896                         00000000400355787733000000000000000000000000060227092126/400355700000000400355787733300921000000000820023702062  000000000008200000000000000000000000000000000000000000000000000000000000000000000000000000000000000000000000000000000                          0000000000                                                                  000055
1021903727600017200000260206200016896                         00000000400356439143000000000000000000000000060227092126/400356400000000400356439143300921000000005880023704158  000000000008200000000000000000000000000000000000000000000000000000000000000000000000000000000000000000000000000000000                          0000000000                                                                  000056
1021903727600017200000260206200016896                         00000000400384005027000000000000000000000000060227092126/400384000000000400384005027280921000000001500023700153  000000000008200000000000000000000000000000000000000000000000000000000000000000000000000000000000000000000000000000000                          0000000000                                                                  000057
1021903727600017200000260206200016896                         00000000400390041736000000000000000000000000060227092126/400390000000000400390041736280921000000000800023704159  000000000008200000000000000000000000000000000000000000000000000000000000000000000000000000000000000000000000000000000                          0000000000                                                                  000058
1021903727600017200000260206200016896                         00000000400416940270000000000000000000000000060227092126/400416900000000400416940270300921000000003000023704143  000000000008200000000000000000000000000000000000000000000000000000000000000000000000000000000000000000000000000000000                          0000000000                                                                  000059
1021903727600017200000260206200016896                         00000000400429559444000000000000000000000000060227092126/400429500000000400429559444280921000000004000023704426  000000000008200000000000000000000000000000000000000000000000000000000000000000000000000000000000000000000000000000000                          0000000000                                                                  000060
1021903727600017200000260206200016896                         00000000400437471777000000000000000000000000060227092126/400437400000000400437471777300921000000000800023704159  000000000008200000000000000000000000000000000000000000000000000000000000000000000000000000000000000000000000000000000                          0000000000                                                                  000061
1021903727600017200000260206200016896                         00000000400460994345000000000000000000000000060227092126/400460900000000400460994345290921000000000800023700073  000000000008200000000000000000000000000000000000000000000000000000000000000000000000000000000000000000000000000000000                          0000000000                                                                  000062
1021903727600017200000260206200016896                         00000000400466813857000000000000000000000000060227092126/400466800000000400466813857300921000000003000023704426  000000000008200000000000000000000000000000000000000000000000000000000000000000000000000000000000000000000000000000000                          7600000000                                                                  000063
1021903727600017200000260206200016896                         00000000400474271230000000000000000000000000060227092126/400474200000000400474271230300921000000005000023704426  000000000008200000000000000000000000000000000000000000000000000000000000000000000000000000000000000000000000000000000                          0000000000                                                                  000064
1021903727600017200000260206200016896                         00000000400477254116000000000000000000000000060227092126/400477200000000400477254116300921000000001340023700435  000000000008200000000000000000000000000000000000000000000000000000000000000000000000000000000000000000000000000000000                          0000000000                                                                  000065
1021903727600017200000260206200016896                         00000000400478606180000000000000000000000000060227092126/400478600000000400478606180300921000000005000023704143  000000000008200000000000000000000000000000000000000000000000000000000000000000000000000000000000000000000000000000000                          0000000000                                                                  000066
1021903727600017200000260206200016896                         00000000400482385342000000000000000000000000060227092126/400482300000000400482385342280921000000004100023704154  000000000008200000000000000000000000000000000000000000000000000000000000000000000000000000000000000000000000000000000                          0000000000                                                                  000067
1021903727600017200000260206200016896                         00000000400487024836000000000000000000000000060227092126/400487000000000400487024836300921000000000800023704159  000000000008200000000000000000000000000000000000000000000000000000000000000000000000000000000000000000000000000000000                          0000000000                                                                  000068
1021903727600017200000260206200016896                         00000000400498148421000000000000000000000000060227092126/400498100000000400498148421300921000000000800023704159  000000000008200000000000000000000000000000000000000000000000000000000000000000000000000000000000000000000000000000000                          0000000000                                                                  000069
1021903727600017200000260206200016896                         00000000400504606372000000000000000000000000060227092126/400504600000000400504606372300921000000000800023704159  000000000008200000000000000000000000000000000000000000000000000000000000000000000000000000000000000000000000000000000                          0000000000                                                                  000070
1021903727600017200000260206200016896                         00000000400527172884000000000000000000000000060227092126/400527100000000400527172884300921000000000800023704159  000000000008200000000000000000000000000000000000000000000000000000000000000000000000000000000000000000000000000000000                          0000000000                                                                  000071
1021903727600017200000260206200016896                         0000000040053730701P000000000000000000000000060227092126/40053730000000040053730701P300921000000000800023704159  000000000008200000000000000000000000000000000000000000000000000000000000000000000000000000000000000000000000000000000                          0000000000                                                                  000072
1021903727600017200000260206200016896                         00000000400538384522000000000000000000000000060227092126/400538300000000400538384522280921000000000800023704159  000000000008200000000000000000000000000000000000000000000000000000000000000000000000000000000000000000000000000000000                          0000000000                                                                  000073
1021903727600017200000260206200016896                         00000000400539513709000000000000000000000000060227092126/400539500000000400539513709270921000000003260023700140  000000000008200000000000000000000000000000000000000000000000000000000000000000000000000000000000000000000000000000000                          0000000000                                                                  000074
1021903727600017200000260206200016896                         00000000400560598161000000000000000000000000060227092126/400560500000000400560598161300921000000000800023704159  000000000008200000000000000000000000000000000000000000000000000000000000000000000000000000000000000000000000000000000                          0000000000                                                                  000075
1021903727600017200000260206200016896                         00000000400562056714000000000000000000000000060227092126/400562000000000400562056714300921000000100000023704428  000000000008200000000000000000000000000000000000000000000000000000000000000000000000000000000000000000000000000000000                          7600000000                                                                  000076
1021903727600017200000260206200016896                         00000000400570338796000000000000000000000000060227092126/400570300000000400570338796300921000000004000023700140  000000000008200000000000000000000000000000000000000000000000000000000000000000000000000000000000000000000000000000000                          0000000000                                                                  000077
1021903727600017200000260206200016896                         00000000400577355726000000000000000000000000060227092126/400577300000000400577355726280921000000002500023704424  000000000008200000000000000000000000000000000000000000000000000000000000000000000000000000000000000000000000000000000                          0000000000                                                                  000078
1021903727600017200000260206200016896                         00000000400577376014000000000000000000000000060227092126/400577300000000400577376014300921000000005390023704143  000000000008200000000000000000000000000000000000000000000000000000000000000000000000000000000000000000000000000000000                          0000000000                                                                  000079
1021903727600017200000260206200016896                         00000000400582995482000000000000000000000000060227092126/400582900000000400582995482280921000000002150023704400  000000000008200000000000000000000000000000000000000000000000000000000000000000000000000000000000000000000000000000000                          7600000000                                                                  000080
1021903727600017200000260206200016896                         00000000400589267741000000000000000000000000060227092126/400589200000000400589267741300921000000002000023704159  000000000008200000000000000000000000000000000000000000000000000000000000000000000000000000000000000000000000000000000                          0000000000                                                                  000081
1021903727600017200000260206200016896                         00000000400590530162000000000000000000000000060227092126/400590500000000400590530162280921000000005000023704151  000000000008200000000000000000000000000000000000000000000000000000000000000000000000000000000000000000000000000000000                          0000000000                                                                  000082
1021903727600017200000260206200016896                         00000000400603872963000000000000000000000000060227092126/400603800000000400603872963300921000000007000023704157  000000000008200000000000000000000000000000000000000000000000000000000000000000000000000000000000000000000000000000000                          0000000000                                                                  000083
1021903727600017200000260206200016896                         00000000400624514315000000000000000000000000060227092126/400624500000000400624514315300921000000002400023704152  000000000008200000000000000000000000000000000000000000000000000000000000000000000000000000000000000000000000000000000                          0000000000                                                                  000084
1021903727600017200000260206200016896                         00000000400629916861000000000000000000000000060227092126/400629900000000400629916861280921000000000800023704159  000000000008200000000000000000000000000000000000000000000000000000000000000000000000000000000000000000000000000000000                          0000000000                                                                  000085
1021903727600017200000260206200016896                         00000000400636182466000000000000000000000000060227092126/400636100000000400636182466300921000000012000023704151  000000000008200000000000000000000000000000000000000000000000000000000000000000000000000000000000000000000000000000000                          0000000000                                                                  000086
1021903727600017200000260206200016896                         0000000040065314263P000000000000000000000000060227092126/40065310000000040065314263P280921000000000800023704159  000000000008200000000000000000000000000000000000000000000000000000000000000000000000000000000000000000000000000000000                          0000000000                                                                  000087
1021903727600017200000260206200016896                         00000000400657892161000000000000000000000000060227092126/400657800000000400657892161280921000000000800023704159  000000000008200000000000000000000000000000000000000000000000000000000000000000000000000000000000000000000000000000000                          0000000000                                                                  000088
1021903727600017200000260206200016896                         00000000400660302723000000000000000000000000060227092126/400660300000000400660302723280921000000003500023704152  000000000008200000000000000000000000000000000000000000000000000000000000000000000000000000000000000000000000000000000                          0000000000                                                                  000089
1021903727600017200000260206200016896                         00000000400670948915000000000000000000000000060227092126/400670900000000400670948915280921000000000800023704159  000000000008200000000000000000000000000000000000000000000000000000000000000000000000000000000000000000000000000000000                          0000000000                                                                  000090
1021903727600017200000260206200016896                         00000000400675540833000000000000000000000000060227092126/400675500000000400675540833300921000000000800023704159  000000000008200000000000000000000000000000000000000000000000000000000000000000000000000000000000000000000000000000000                          0000000000                                                                  000091
1021903727600017200000260206200016896                         00000000400678812427000000000000000000000000060227092126/400678800000000400678812427300921000000003250023704274  000000000000000000000000000000000000000000000000000000000000000000000000000000000000000000000000000000000000000000000                          0000000000                                                                  000092
1021903727600017200000260206200016896                         00000000400684851965000000000000000000000000060227092126/400684800000000400684851965300921000000010900023704159  000000000008200000000000000000000000000000000000000000000000000000000000000000000000000000000000000000000000000000000                          0000000000                                                                  000093
1021903727600017200000260206200016896                         00000000400686873958000000000000000000000000060227092126/400686800000000400686873958300921000000099000023704151  000000000008200000000000000000000000000000000000000000000000000000000000000000000000000000000000000000000000000000000                          7600000000                                                                  000094
1021903727600017200000260206200016896                         0000000040069645564P000000000000000000000000060227092126/40069640000000040069645564P280921000000000800023704159  000000000008200000000000000000000000000000000000000000000000000000000000000000000000000000000000000000000000000000000                          0000000000                                                                  000095
1021903727600017200000260206200016896                         00000000400720884018000000000000000000000000060227092126/400720800000000400720884018300921000000000800023704159  000000000008200000000000000000000000000000000000000000000000000000000000000000000000000000000000000000000000000000000                          0000000000                                                                  000096
1021903727600017200000260206200016896                         00000000400727708126000000000000000000000000060227092126/400727700000000400727708126300921000000003000023704144  000000000008200000000000000000000000000000000000000000000000000000000000000000000000000000000000000000000000000000000                          0000000000                                                                  000097
1021903727600017200000260206200016896                         00000000400732339392000000000000000000000000060227092126/400732300000000400732339392300921000000005000023704602  000000000008200000000000000000000000000000000000000000000000000000000000000000000000000000000000000000000000000000000                          0000000000                                                                  000098
1021903727600017200000260206200016896                         0000000040074264794P000000000000000000000000060227092126/40074260000000040074264794P280921000000000800023704159  000000000008200000000000000000000000000000000000000000000000000000000000000000000000000000000000000000000000000000000                          0000000000                                                                  000099
1021903727600017200000260206200016896                         00000000400747361963000000000000000000000000060227092126/400747300000000400747361963280921000000002000023704436  000000000008200000000000000000000000000000000000000000000000000000000000000000000000000000000000000000000000000000000                          0000000000                                                                  000100
1021903727600017200000260206200016896                         00000000400750378893000000000000000000000000060227092126/400750300000000400750378893300921000000008400023704157  000000000008200000000000000000000000000000000000000000000000000000000000000000000000000000000000000000000000000000000                          0000000000                                                                  000101
1021903727600017200000260206200016896                         00000000400768139411000000000000000000000000060227092126/400768100000000400768139411300921000000008500023704157  000000000008200000000000000000000000000000000000000000000000000000000000000000000000000000000000000000000000000000000                          0000000000                                                                  000102
1021903727600017200000260206200016896                         00000000400776645040000000000000000000000000060227092126/400776600000000400776645040300921000000000800023704400  000000000008200000000000000000000000000000000000000000000000000000000000000000000000000000000000000000000000000000000                          0000000000                                                                  000103
1021903727600017200000260206200016896                         00000000400789527217000000000000000000000000060227092126/400789500000000400789527217300921000000000800023704159  000000000008200000000000000000000000000000000000000000000000000000000000000000000000000000000000000000000000000000000                          0000000000                                                                  000104
1021903727600017200000260206200016896                         0000000040079121207P000000000000000000000000060227092126/40079120000000040079121207P300921000000000800023704452  000000000008200000000000000000000000000000000000000000000000000000000000000000000000000000000000000000000000000000000                          0000000000                                                                  000105
1021903727600017200000260206200016896                         00000000400798500909000000000000000000000000060227092126/400798500000000400798500909300921000000012000023700320  000000000008200000000000000000000000000000000000000000000000000000000000000000000000000000000000000000000000000000000                          0000000000                                                                  000106
1021903727600017200000260206200016896                         00000000400809017520000000000000000000000000060227092126/400809000000000400809017520300921000000004000023700140  000000000008200000000000000000000000000000000000000000000000000000000000000000000000000000000000000000000000000000000                          0000000000                                                                  000107
1021903727600017200000260206200016896                         00000000400810997164000000000000000000000000060227092126/400810900000000400810997164300921000000000800023702062  000000000008200000000000000000000000000000000000000000000000000000000000000000000000000000000000000000000000000000000                          0000000000                                                                  000108
1021903727600017200000260206200016896                         0000000040081343845P000000000000000000000000060227092126/40081340000000040081343845P300921000000000820023704602  000000000008200000000000000000000000000000000000000000000000000000000000000000000000000000000000000000000000000000000                          7600000000                                                                  000109
1021903727600017200000260206200016896                         00000000400822084296000000000000000000000000060227092126/400822000000000400822084296280921000000000800023700140  000000000008200000000000000000000000000000000000000000000000000000000000000000000000000000000000000000000000000000000                          0000000000                                                                  000110
1021903727600017200000260206200016896                         00000000400825422931000000000000000000000000060227092126/400825400000000400825422931300921000000003000023704159  000000000008200000000000000000000000000000000000000000000000000000000000000000000000000000000000000000000000000000000                          7600000000                                                                  000111
1021903727600017200000260206200016896                         00000000400829460471000000000000000000000000060227092126/400829400000000400829460471300921000000008000023700140  000000000008200000000000000000000000000000000000000000000000000000000000000000000000000000000000000000000000000000000                          0000000000                                                                  000112
1021903727600017200000260206200016896                         00000000400841626512000000000000000000000000060227092126/400841600000000400841626512300921000000003700023704426  000000000008200000000000000000000000000000000000000000000000000000000000000000000000000000000000000000000000000000000                          0000000000                                                                  000113
1021903727600017200000260206200016896                         00000000400857891437000000000000000000000000060227092126/400857800000000400857891437300921000000000810023704602  000000000008200000000000000000000000000000000000000000000000000000000000000000000000000000000000000000000000000000000                          7600000000                                                                  000114
1021903727600017200000260206200016896                         00000000400866673418000000000000000000000000060227092126/400866600000000400866673418300921000000002000023700389  000000000008200000000000000000000000000000000000000000000000000000000000000000000000000000000000000000000000000000000                          0000000000                                                                  000115
1021903727600017200000260206200016896                         00000000400868080686000000000000000000000000060227092126/400868000000000400868080686280921000000001140023704424  000000000008200000000000000000000000000000000000000000000000000000000000000000000000000000000000000000000000000000000                          0000000000                                                                  000116
1021903727600017200000260206200016896                         00000000400872060533000000000000000000000000060227092126/400872000000000400872060533300921000000000800023702062  000000000008200000000000000000000000000000000000000000000000000000000000000000000000000000000000000000000000000000000                          0000000000                                                                  000117
1021903727600017200000260206200016896                         00000000400873156178000000000000000000000000060227092126/400873100000000400873156178300921000000012000023704159  000000000008200000000000000000000000000000000000000000000000000000000000000000000000000000000000000000000000000000000                          0000000000                                                                  000118
1021903727600017200000260206200016896                         00000000400919535179000000000000000000000000060227092126/400919500000000400919535179280921000000000800023704159  000000000008200000000000000000000000000000000000000000000000000000000000000000000000000000000000000000000000000000000                          0000000000                                                                  000119
1021903727600017200000260206200016896                         00000000400933769670000000000000000000000000060227092126/400933700000000400933769670300921000000000800023704159  000000000008200000000000000000000000000000000000000000000000000000000000000000000000000000000000000000000000000000000                          0000000000                                                                  000120
1021903727600017200000260206200016896                         00000000400936942594000000000000000000000000060227092126/400936900000000400936942594290921000000004550023700389  000000000008200000000000000000000000000000000000000000000000000000000000000000000000000000000000000000000000000000000                          0000000000                                                                  000121
1021903727600017200000260206200016896                         00000000400941490812000000000000000000000000060227092126/400941400000000400941490812300921000000001080023704143  000000000008200000000000000000000000000000000000000000000000000000000000000000000000000000000000000000000000000000000                          7600000000                                                                  000122
1021903727600017200000260206200016896                         00000000400947085820000000000000000000000000060227092126/400947000000000400947085820300921000000002000023704151  000000000008200000000000000000000000000000000000000000000000000000000000000000000000000000000000000000000000000000000                          0000000000                                                                  000123
1021903727600017200000260206200016896                         00000000400959679203000000000000000000000000060227092126/400959600000000400959679203300921000000002000023704426  000000000008200000000000000000000000000000000000000000000000000000000000000000000000000000000000000000000000000000000                          0000000000                                                                  000124
1021903727600017200000260206200016896                         00000000400960753190000000000000000000000000060227092126/400960700000000400960753190300921000000006150023704154  000000000008200000000000000000000000000000000000000000000000000000000000000000000000000000000000000000000000000000000                          0000000000                                                                  000125
1021903727600017200000260206200016896                         00000000400978720818000000000000000000000000060227092126/400978700000000400978720818300921000000004530023704154  000000000008200000000000000000000000000000000000000000000000000000000000000000000000000000000000000000000000000000000                          0000000000                                                                  000126
1021903727600017200000260206200016896                         00000000400993660570000000000000000000000000060227092126/400993600000000400993660570280921000000012000023704152  000000000008200000000000000000000000000000000000000000000000000000000000000000000000000000000000000000000000000000000                          0000000000                                                                  000127
1021903727600017200000260206200016896                         00000000600105645967000000000000000000000000060227092126/600105600000000600105645967280921000000000600023700321  000000000008200000000000000000000000000000000000000000000000000000000000000000000000000000000000000000000000000000000                          0000000000                                                                  000128
1021903727600017200000260206200016896                         00000000600330075169000000000000000000000000060227092126/600330000000000600330075169280921000000001500023704157  000000000008200000000000000000000000000000000000000000000000000000000000000000000000000000000000000000000000000000000                          0000000000                                                                  000129
1021903727600017200000260206200016896                         00000000100031486907000000000000000000000000060627092126/100031400000000100031486907280921000000033248834106805  000000000000000000000000000000000000000000000000000000000000000000000000000000000000033248800000000000000000000000000   280921             00000000000000                                                                  000130
1021903727600017200000260206200016896                         00000000200214591534000000000000000000000000060627092126/200214500000000200214591534280921000000000500000100329  000000000000000000000000000000000000000000000000000000000000000000000000000000000000000500000000000000000000000000000   280921             00000000000000                                                                  000131
1021903727600017200000260206200016896                         00000000200232925024000000000000000000000000060627092126/200232900000000200232925024300921000000000269933600001  000000000000000000000000000000000000000000000000000000000000000000000000000000000000000269900000000000000000000000000   280921             00000000000000                                                                  000132
1021903727600017200000260206200016896                         00000000200268549207000000000000000000000000060627092126/200268500000000200268549207300921000000000244110400155  000000000000000000000000000000000000000000000000000000000000000000000000000000000000000244100000000000000000000000000   280921             00000000000000                                                                  000133
1021903727600017200000260206200016896                         00000000200283609992000000000000000000000000060627092126/200283600000000200283609992290921000000000313500100670  000000000000000000000000000000000000000000000000000000000000000000000000000000000000000313500000000000000000000000000   280921             00000000000000                                                                  000134
1021903727600017200000260206200016896                         00000000200676110442000000000000000000000000060627092126/200676100000000200676110442300921000000000313521200001  000000000000000000000000000000000000000000000000000000000000000000000000000000000000000313500000000000000000000000000   280921             00000000000000                                                                  000135
1021903727600017200000260206200016896                         00000000200772675132000000000000000000000000060627092126/200772600000000200772675132300921000000006000000100391  000000000000000000000000000000000000000000000000000000000000000000000000000000000000006000000000000000000000000000000   280921             00000000000000                                                                  000136
1021903727600017200000260206200016896                         00000000200903870823000000000000000000000000060627092126/200903800000000200903870823280921000000000952410403880  000000000000000000000000000000000000000000000000000000000000000000000000000000000000000952400000000000000000000000000   280921             00000000000000                                                                  000137
1021903727600017200000260206200016896                         00000000200917655542000000000000000000000000060627092126/200917600000000200917655542300921000000006000000100391  000000000000000000000000000000000000000000000000000000000000000000000000000000000000006000000000000000000000000000000   280921             00000000000000                                                                  000138
1021903727600017200000260206200016896                         0000000040001114180P000000000000000000000000060627092126/40001110000000040001114180P300921000000002500010403880  000000000000000000000000000000000000000000000000000000000000000000000000000000000000002500000000000000000000000000000   280921             00000000000000                                                                  000139
1021903727600017200000260206200016896                         00000000400026148207000000000000000000000000060627092126/400026100000000400026148207300921000000003520010403219  000000000000000000000000000000000000000000000000000000000000000000000000000000000000003520000000000000000000000000000   280921             00000000000000                                                                  000140
1021903727600017200000260206200016896                         0000000040011322744P000000000000000000000000060627092126/40011320000000040011322744P300921000000010150010400721  000000000000000000000000000000000000000000000000000000000000000000000000000000000000010150000000000000000000000000000   280921             00000000000000                                                                  000141
1021903727600017200000260206200016896                         0000000040012968011P000000000000000000000000060627092126/40012960000000040012968011P300921000000000850075604327  000000000000000000000000000000000000000000000000000000000000000000000000000000000000000850000000000000000000000000000   280921             00000000000000                                                                  000142
1021903727600017200000260206200016896                         00000000400133658250000000000000000000000000060627092126/400133600000000400133658250300921000000003130000102020  000000000000000000000000000000000000000000000000000000000000000000000000000000000000003130000000000000000000000000000   280921             00000000000000                                                                  000143
1021903727600017200000260206200016896                         0000000040013942801P000000000000000000000000060627092126/40013940000000040013942801P300921000000000800007700001  000000000000000000000000000000000000000000000000000000000000000000000000000000000000000800000000000000000000000000000   280921             00000000000000                                                                  000144
1021903727600017200000260206200016896                         00000000400152369251000000000000000000000000060627092126/400152300000000400152369251300921000000012000023701514  000000000000000000000000000000000000000000000000000000000000000000000000000000000000012000000000000000000000000000000   280921             00000000000000                                                                  000145
1021903727600017200000260206200016896                         00000000400158167863000000000000000000000000060627092126/400158100000000400158167863300921000000000840075604327  000000000000000000000000000000000000000000000000000000000000000000000000000000000000000840000000000000000000000000000   280921             00000000000000                                                                  000146
1021903727600017200000260206200016896                         00000000400166238656000000000000000000000000060627092126/400166200000000400166238656280921000000001530000100139  000000000000000000000000000000000000000000000000000000000000000000000000000000000000001530000000000000000000000000000   280921             00000000000000                                                                  000147
1021903727600017200000260206200016896                         00000000400169010788000000000000000000000000060627092126/400169000000000400169010788300921000000001200004100377  000000000000000000000000000000000000000000000000000000000000000000000000000000000000001200000000000000000000000000000   280921             00000000000000                                                                  000148
1021903727600017200000260206200016896                         00000000400170162419000000000000000000000000060627092126/400170100000000400170162419300921000000002500010403880  000000000000000000000000000000000000000000000000000000000000000000000000000000000000002500000000000000000000000000000   280921             00000000000000                                                                  000149
1021903727600017200000260206200016896                         00000000400176401512000000000000000000000000060627092126/400176400000000400176401512300921000000004000010401580  000000000000000000000000000000000000000000000000000000000000000000000000000000000000004000000000000000000000000000000   280921             00000000000000                                                                  000150
1021903727600017200000260206200016896                         00000000400179045679000000000000000000000000060627092126/400179000000000400179045679300921000000003780010402257  000000000000000000000000000000000000000000000000000000000000000000000000000000000000003780000000000000000000000000000   280921             00000000000000                                                                  000151
1021903727600017200000260206200016896                         00000000400192796098000000000000000000000000060627092126/400192700000000400192796098300921000000002030000100428  000000000000000000000000000000000000000000000000000000000000000000000000000000000000002030000000000000000000000000000   280921             00000000000000                                                                  000152
1021903727600017200000260206200016896                         00000000400199362921000000000000000000000000060627092126/400199300000000400199362921300921000000000800075600259  000000000000000000000000000000000000000000000000000000000000000000000000000000000000000800000000000000000000000000000   280921             00000000000000                                                                  000153
1021903727600017200000260206200016896                         00000000400203688896000000000000000000000000060627092126/400203600000000400203688896300921000000000830075604327  000000000000000000000000000000000000000000000000000000000000000000000000000000000000000830000000000000000000000000000   280921             00000000000000                                                                  000154
1021903727600017200000260206200016896                         00000000400231907994000000000000000000000000060627092126/400231900000000400231907994280921000000002500010403880  000000000000000000000000000000000000000000000000000000000000000000000000000000000000002500000000000000000000000000000   280921             00000000000000                                                                  000155
1021903727600017200000260206200016896                         00000000400235953788000000000000000000000000060627092126/400235900000000400235953788300921000000002440007000264  000000000000000000000000000000000000000000000000000000000000000000000000000000000000002440000000000000000000000000000   280921             00000000000000                                                                  000156
1021903727600017200000260206200016896                         00000000400243046897000000000000000000000000060627092126/400243000000000400243046897300921000000000810075604327  000000000000000000000000000000000000000000000000000000000000000000000000000000000000000810000000000000000000000000000   280921             00000000000000                                                                  000157
1021903727600017200000260206200016896                         00000000400295215069000000000000000000000000060627092126/400295200000000400295215069270921000000004000010404354  000000000000000000000000000000000000000000000000000000000000000000000000000000000000004000000000000000000000000000000   280921             00000000000000                                                                  000158
1021903727600017200000260206200016896                         00000000400299634384000000000000000000000000060627092126/400299600000000400299634384300921000000000830075600259  000000000000000000000000000000000000000000000000000000000000000000000000000000000000000830000000000000000000000000000   280921             00000000000000                                                                  000159
1021903727600017200000260206200016896                         00000000400311562572000000000000000000000000060627092126/400311500000000400311562572250921000000002450010400422  000000000000000000000000000000000000000000000000000000000000000000000000000000000000002450000000000000000000000000000   280921             00000000000000                                                                  000160
1021903727600017200000260206200016896                         00000000400313543451000000000000000000000000060627092126/400313500000000400313543451300921000000002500010403880  000000000000000000000000000000000000000000000000000000000000000000000000000000000000002500000000000000000000000000000   280921             00000000000000                                                                  000161
1021903727600017200000260206200016896                         00000000400329741067000000000000000000000000060627092126/400329700000000400329741067300921000000012000010401825  000000000000000000000000000000000000000000000000000000000000000000000000000000000000012000000000000000000000000000000   280921             00000000000000                                                                  000162
1021903727600017200000260206200016896                         00000000400333428357000000000000000000000000060627092126/400333400000000400333428357300921000000001500065500001  000000000000000000000000000000000000000000000000000000000000000000000000000000000000001500000000000000000000000000000   280921             00000000000000                                                                  000163
1021903727600017200000260206200016896                         00000000400355787733000000000000000000000000060627092126/400355700000000400355787733300921000000000820075604327  000000000000000000000000000000000000000000000000000000000000000000000000000000000000000820000000000000000000000000000   280921             00000000000000                                                                  000164
1021903727600017200000260206200016896                         00000000400384005027000000000000000000000000060627092126/400384000000000400384005027280921000000001500010403880  000000000000000000000000000000000000000000000000000000000000000000000000000000000000001500000000000000000000000000000   280921             00000000000000                                                                  000165
1021903727600017200000260206200016896                         00000000400416940270000000000000000000000000060627092126/400416900000000400416940270300921000000003000010404692  000000000000000000000000000000000000000000000000000000000000000000000000000000000000003000000000000000000000000000000   280921             00000000000000                                                                  000166
1021903727600017200000260206200016896                         00000000400466813857000000000000000000000000060627092126/400466800000000400466813857300921000000003000004100170  000000000000000000000000000000000000000000000000000000000000000000000000000000000000003000000000000000000000000000000   280921             00000000000000                                                                  000167
1021903727600017200000260206200016896                         00000000400477254116000000000000000000000000060627092126/400477200000000400477254116300921000000001340075604327  000000000000000000000000000000000000000000000000000000000000000000000000000000000000001340000000000000000000000000000   280921             00000000000000                                                                  000168
1021903727600017200000260206200016896                         00000000400478606180000000000000000000000000060627092126/400478600000000400478606180300921000000005000010403646  000000000000000000000000000000000000000000000000000000000000000000000000000000000000005000000000000000000000000000000   280921             00000000000000                                                                  000169
1021903727600017200000260206200016896                         00000000400562056714000000000000000000000000060627092126/400562000000000400562056714300921000000100000000103478  000000000000000000000000000000000000000000000000000000000000000000000000000000000000100000000000000000000000000000000   280921             00000000000000                                                                  000170
1021903727600017200000260206200016896                         00000000400570338796000000000000000000000000060627092126/400570300000000400570338796300921000000004000075604327  000000000000000000000000000000000000000000000000000000000000000000000000000000000000004000000000000000000000000000000   280921             00000000000000                                                                  000171
1021903727600017200000260206200016896                         00000000400577355726000000000000000000000000060627092126/400577300000000400577355726280921000000002500010403880  000000000000000000000000000000000000000000000000000000000000000000000000000000000000002500000000000000000000000000000   280921             00000000000000                                                                  000172
1021903727600017200000260206200016896                         00000000400577376014000000000000000000000000060627092126/400577300000000400577376014300921000000005390010401070  000000000000000000000000000000000000000000000000000000000000000000000000000000000000005390000000000000000000000000000   280921             00000000000000                                                                  000173
1021903727600017200000260206200016896                         00000000400582995482000000000000000000000000060627092126/400582900000000400582995482280921000000002150075604327  000000000000000000000000000000000000000000000000000000000000000000000000000000000000002150000000000000000000000000000   280921             00000000000000                                                                  000174
1021903727600017200000260206200016896                         00000000400589267741000000000000000000000000060627092126/400589200000000400589267741300921000000002000000100922  000000000000000000000000000000000000000000000000000000000000000000000000000000000000002000000000000000000000000000000   280921             00000000000000                                                                  000175
1021903727600017200000260206200016896                         00000000400593677342000000000000000000000000060627092126/400593600000000400593677342270921000000001000065500001  000000000000000000000000000000000000000000000000000000000000000000000000000000000000001000000000000000000000000000000   280921             00000000000000                                                                  000176
1021903727600017200000260206200016896                         00000000400603872963000000000000000000000000060627092126/400603800000000400603872963300921000000007000063300001  000000000000000000000000000000000000000000000000000000000000000000000000000000000000007000000000000000000000000000000   280921             00000000000000                                                                  000177
1021903727600017200000260206200016896                         00000000400624514315000000000000000000000000060627092126/400624500000000400624514315300921000000002400021200001  000000000000000000000000000000000000000000000000000000000000000000000000000000000000002400000000000000000000000000000   280921             00000000000000                                                                  000178
1021903727600017200000260206200016896                         00000000400636182466000000000000000000000000060627092126/400636100000000400636182466300921000000012000010400977  000000000000000000000000000000000000000000000000000000000000000000000000000000000000012000000000000000000000000000000   280921             00000000000000                                                                  000179
1021903727600017200000260206200016896                         00000000400660302723000000000000000000000000060627092126/400660300000000400660302723280921000000003500023701931  000000000000000000000000000000000000000000000000000000000000000000000000000000000000003500000000000000000000000000000   280921             00000000000000                                                                  000180
1021903727600017200000260206200016896                         00000000400678812427000000000000000000000000060627092126/400678800000000400678812427300921000000003250004100220  000000000000000000000000000000000000000000000000000000000000000000000000000000000000003250000000000000000000000000000   280921             00000000000000                                                                  000181
1021903727600017200000260206200016896                         00000000400684851965000000000000000000000000060627092126/400684800000000400684851965300921000000010900075604327  000000000000000000000000000000000000000000000000000000000000000000000000000000000000010900000000000000000000000000000   280921             00000000000000                                                                  000182
1021903727600017200000260206200016896                         00000000400686873958000000000000000000000000060627092126/400686800000000400686873958300921000000099000026000001  000000000000000000000000000000000000000000000000000000000000000000000000000000000000099000000000000000000000000000000   280921             00000000000000                                                                  000183
1021903727600017200000260206200016896                         00000000400727708126000000000000000000000000060627092126/400727700000000400727708126300921000000003000065500001  000000000000000000000000000000000000000000000000000000000000000000000000000000000000003000000000000000000000000000000   280921             00000000000000                                                                  000184
1021903727600017200000260206200016896                         00000000400732339392000000000000000000000000060627092126/400732300000000400732339392300921000000005000000101694  000000000000000000000000000000000000000000000000000000000000000000000000000000000000005000000000000000000000000000000   280921             00000000000000                                                                  000185
1021903727600017200000260206200016896                         00000000400750378893000000000000000000000000060627092126/400750300000000400750378893300921000000008400021200001  000000000000000000000000000000000000000000000000000000000000000000000000000000000000008400000000000000000000000000000   280921             00000000000000                                                                  000186
1021903727600017200000260206200016896                         00000000400768139411000000000000000000000000060627092126/400768100000000400768139411300921000000008500021200001  000000000000000000000000000000000000000000000000000000000000000000000000000000000000008500000000000000000000000000000   280921             00000000000000                                                                  000187
1021903727600017200000260206200016896                         00000000400781100613000000000000000000000000060627092126/400781100000000400781100613260921000000002850010400422  000000000000000000000000000000000000000000000000000000000000000000000000000000000000002850000000000000000000000000000   280921             00000000000000                                                                  000188
1021903727600017200000260206200016896                         00000000400809017520000000000000000000000000060627092126/400809000000000400809017520300921000000004000075604327  000000000000000000000000000000000000000000000000000000000000000000000000000000000000004000000000000000000000000000000   280921             00000000000000                                                                  000189
1021903727600017200000260206200016896                         00000000400810997164000000000000000000000000060627092126/400810900000000400810997164300921000000000800075604327  000000000000000000000000000000000000000000000000000000000000000000000000000000000000000800000000000000000000000000000   280921             00000000000000                                                                  000190
1021903727600017200000260206200016896                         0000000040081343845P000000000000000000000000060627092126/40081340000000040081343845P300921000000000820075600259  000000000000000000000000000000000000000000000000000000000000000000000000000000000000000820000000000000000000000000000   280921             00000000000000                                                                  000191
1021903727600017200000260206200016896                         00000000400822084296000000000000000000000000060627092126/400822000000000400822084296280921000000000800010403189  000000000000000000000000000000000000000000000000000000000000000000000000000000000000000800000000000000000000000000000   280921             00000000000000                                                                  000192
1021903727600017200000260206200016896                         00000000400825422931000000000000000000000000060627092126/400825400000000400825422931300921000000003000003304048  000000000000000000000000000000000000000000000000000000000000000000000000000000000000003000000000000000000000000000000   280921             00000000000000                                                                  000193
1021903727600017200000260206200016896                         00000000400829460471000000000000000000000000060627092126/400829400000000400829460471300921000000008000075604327  000000000000000000000000000000000000000000000000000000000000000000000000000000000000008000000000000000000000000000000   280921             00000000000000                                                                  000194
1021903727600017200000260206200016896                         00000000400841626512000000000000000000000000060627092126/400841600000000400841626512300921000000003700074801443  000000000000000000000000000000000000000000000000000000000000000000000000000000000000003700000000000000000000000000000   280921             00000000000000                                                                  000195
1021903727600017200000260206200016896                         00000000400857891437000000000000000000000000060627092126/400857800000000400857891437300921000000000810075600259  000000000000000000000000000000000000000000000000000000000000000000000000000000000000000810000000000000000000000000000   280921             00000000000000                                                                  000196
1021903727600017200000260206200016896                         00000000400866673418000000000000000000000000060627092126/400866600000000400866673418300921000000002000008100001  000000000000000000000000000000000000000000000000000000000000000000000000000000000000002000000000000000000000000000000   280921             00000000000000                                                                  000197
1021903727600017200000260206200016896                         00000000400868080686000000000000000000000000060627092126/400868000000000400868080686280921000000001140010400163  000000000000000000000000000000000000000000000000000000000000000000000000000000000000001140000000000000000000000000000   280921             00000000000000                                                                  000198
1021903727600017200000260206200016896                         00000000400872060533000000000000000000000000060627092126/400872000000000400872060533300921000000000800075604327  000000000000000000000000000000000000000000000000000000000000000000000000000000000000000800000000000000000000000000000   280921             00000000000000                                                                  000199
1021903727600017200000260206200016896                         00000000400873156178000000000000000000000000060627092126/400873100000000400873156178300921000000012000075601098  000000000000000000000000000000000000000000000000000000000000000000000000000000000000012000000000000000000000000000000   280921             00000000000000                                                                  000200
1021903727600017200000260206200016896                         00000000400936942594000000000000000000000000060627092126/400936900000000400936942594290921000000004550063300001  000000000000000000000000000000000000000000000000000000000000000000000000000000000000004550000000000000000000000000000   280921             00000000000000                                                                  000201
1021903727600017200000260206200016896                         00000000400941490812000000000000000000000000060627092126/400941400000000400941490812300921000000001080023702151  000000000000000000000000000000000000000000000000000000000000000000000000000000000000001080000000000000000000000000000   280921             00000000000000                                                                  000202
1021903727600017200000260206200016896                         00000000400947085820000000000000000000000000060627092126/400947000000000400947085820300921000000002000010400280  000000000000000000000000000000000000000000000000000000000000000000000000000000000000002000000000000000000000000000000   280921             00000000000000                                                                  000203
1021903727600017200000260206200016896                         00000000400959679203000000000000000000000000060627092126/400959600000000400959679203300921000000002000010403711  000000000000000000000000000000000000000000000000000000000000000000000000000000000000002000000000000000000000000000000   280921             00000000000000                                                                  000204
1021903727600017200000260206200016896                         00000000400978720818000000000000000000000000060627092126/400978700000000400978720818300921000000004530002100054  000000000000000000000000000000000000000000000000000000000000000000000000000000000000004530000000000000000000000000000   280921             00000000000000                                                                  000205
1021903727600017200000260206200016896                         00000000400993660570000000000000000000000000060627092126/400993600000000400993660570280921000000012000034100242  000000000000000000000000000000000000000000000000000000000000000000000000000000000000012000000000000000000000000000000   280921             00000000000000                                                                  000206
1021903727600017200000260206200016896                         00000000600105645967000000000000000000000000060627092126/600105600000000600105645967280921000000000600026000001  000000000000000000000000000000000000000000000000000000000000000000000000000000000000000600000000000000000000000000000   280921             00000000000000                                                                  000207
1021903727600017200000260206200016896                         00000000200095975140000000000000000000000000061027092126/200095900000000200095975140260721000000000191723700000  000000000000000000000000000000000000000000000000000000000000000000000000000000000000000000000000000000000000000000000                          1600000000                                                                  000208
1021903727600017200000260206200016896                         00000000200164477069000000000000000000000000061027092126/200164400000000200164477069280721000000001359923700000  000000000000000000000000000000000000000000000000000000000000000000000000000000000000000000000000000000000000000000000                          1600000000                                                                  000209
1021903727600017200000260206200016896                         0000000020017277756P000000000000000000000000061027092126/20017270000000020017277756P260721000000000624823700000  000000000000000000000000000000000000000000000000000000000000000000000000000000000000000000000000000000000000000000000                          1600000000                                                                  000210
1021903727600017200000260206200016896                         00000000200369681033000000000000000000000000061027092126/200369600000000200369681033260721000000000624823700000  000000000000000000000000000000000000000000000000000000000000000000000000000000000000000000000000000000000000000000000                          1600000000                                                                  000211
1021903727600017200000260206200016896                         00000000200894089854000000000000000000000000061027092126/200894000000000200894089854260721000000000191723700000  000000000000000000000000000000000000000000000000000000000000000000000000000000000000000000000000000000000000000000000                          1600000000                                                                  000212
1021903727600017200000260206200016896                         00000000400030627217000000000000000000000000061027092126/400030600000000400030627217260721000000000800023700000  000000000000000000000000000000000000000000000000000000000000000000000000000000000000000000000000000000000000000000000                          1600000000                                                                  000213
1021903727600017200000260206200016896                         00000000400333797735000000000000000000000000061027092126/400333700000000400333797735260721000000003000023700000  000000000000000000000000000000000000000000000000000000000000000000000000000000000000000000000000000000000000000000000                          1600000000                                                                  000214
1021903727600017200000260206200016896                         00000000400429083741000000000000000000000000061027092126/400429000000000400429083741260721000000000800023700000  000000000000000000000000000000000000000000000000000000000000000000000000000000000000000000000000000000000000000000000                          1600000000                                                                  000215
1021903727600017200000260206200016896                         00000000400458341288000000000000000000000000061027092126/400458300000000400458341288260721000000001000023700000  000000000000000000000000000000000000000000000000000000000000000000000000000000000000000000000000000000000000000000000                          1600000000                                                                  000216
1021903727600017200000260206200016896                         00000000400508589960000000000000000000000000061027092126/400508500000000400508589960260721000000001500023700000  000000000000000000000000000000000000000000000000000000000000000000000000000000000000000000000000000000000000000000000                          1600000000                                                                  000217
1021903727600017200000260206200016896                         00000000400562795894000000000000000000000000061027092126/400562700000000400562795894260721000000003000023700000  000000000000000000000000000000000000000000000000000000000000000000000000000000000000000000000000000000000000000000000                          1600000000                                                                  000218
1021903727600017200000260206200016896                         00000000400634742634000000000000000000000000061027092126/400634700000000400634742634260721000000002400023700000  000000000000000000000000000000000000000000000000000000000000000000000000000000000000000000000000000000000000000000000                          1600000000                                                                  000219
1021903727600017200000260206200016896                         00000000400713571632000000000000000000000000061027092126/400713500000000400713571632260721000000011980023700000  000000000000000000000000000000000000000000000000000000000000000000000000000000000000000000000000000000000000000000000                          1600000000                                                                  000220
1021903727600017200000260206200016896                         00000000400944209251000000000000000000000000061027092126/400944200000000400944209251260721000000000800023700000  000000000000000000000000000000000000000000000000000000000000000000000000000000000000000000000000000000000000000000000                          1600000000                                                                  000221
1021903727600017200000260206200016896                         00000000400962941296000000000000000000000000061027092126/400962900000000400962941296280721000000000800023700000  000000000000000000000000000000000000000000000000000000000000000000000000000000000000000000000000000000000000000000000                          1600000000                                                                  000222
1021903727600017200000260206200016896                         0000000040096304719P000000000000000000000000061027092126/40096300000000040096304719P260721000000012000023700000  000000000000000000000000000000000000000000000000000000000000000000000000000000000000000000000000000000000000000000000                          1600000000                                                                  000223
1021903727600017200000260206200016896                         00000000400992007415000000000000000000000000061027092126/400992000000000400992007415270721000000002740023700000  000000000000000000000000000000000000000000000000000000000000000000000000000000000000000000000000000000000000000000000                          1600000000                                                                  000224
1021903727600017200000260206200016896                         00000000600081261569000000000000000000000000061027092126/600081200000000600081261569280721000000000069923700000  000000000000000000000000000000000000000000000000000000000000000000000000000000000000000000000000000000000000000000000                          1600000000                                                                  000225
1021903727600017200000260206200016896                         0000000060058004837P000000000000000000000000061027092126/60058000000000060058004837P270721000000000500023700000  000000000000000000000000000000000000000000000000000000000000000000000000000000000000000000000000000000000000000000000                          1600000000                                                                  000226
9201237          000007780000002007871900000775          00128000005719134000004894622000780000048946220001900000044382800000000000000000000000000000000000000000000000000000000000000000000                                                                                                                                                                              00000000000000000000000         000227
