02RETORNO01COBRANCA       00000000000005034448E-PREPAG ADMINISTRADORA DE CAR237BRADESCO       2812210160000000838                                                                                                                                                                                                                                                                          291221         000001
1021903727600017200000260206200016896                         00000000100032305051000000000000000000000000060228122126/100032300000000100032305051281221000000012863323704159  000000000008200000000000000000000000000000000000000000000000000000000000000000000000000000000000000000000000000000000                          0000000000                                                                  000002
1021903727600017200000260206200016896                         0000000010003231249P000000000000000000000000060228122126/10003230000000010003231249P281221000000000646123704144  000000000008200000000000000000000000000000000000000000000000000000000000000000000000000000000000000000000000000000000                          7600000000                                                                  000003
1021903727600017200000260206200016896                         00000000200242045960000000000000000000000000060228122126/200242000000000200242045960311221000000000562023700435  000000000008200000000000000000000000000000000000000000000000000000000000000000000000000000000000000000000000000000000                          0000000000                                                                  000004
1021903727600017200000260206200016896                         00000000200365054573000000000000000000000000060228122126/200365000000000200365054573311221000000000049923700408  000000000008200000000000000000000000000000000000000000000000000000000000000000000000000000000000000000000000000000000                          0000000000                                                                  000005
1021903727600017200000260206200016896                         0000000020064633818P000000000000000000000000060228122126/20064630000000020064633818P311221000000000269923704274  000000000008200000000000000000000000000000000000000000000000000000000000000000000000000000000000000000000000000000000                          0000000000                                                                  000006
1021903727600017200000260206200016896                         00000000200739217722000000000000000000000000060228122126/200739200000000200739217722311221000000000269923704157  000000000008200000000000000000000000000000000000000000000000000000000000000000000000000000000000000000000000000000000                          0000000000                                                                  000007
1021903727600017200000260206200016896                         00000000200757265033000000000000000000000000060228122126/200757200000000200757265033311221000000000219923704157  000000000008200000000000000000000000000000000000000000000000000000000000000000000000000000000000000000000000000000000                          0000000000                                                                  000008
1021903727600017200000260206200016896                         00000000200984088547000000000000000000000000060228122126/200984000000000200984088547311221000000000269923700140  000000000008200000000000000000000000000000000000000000000000000000000000000000000000000000000000000000000000000000000                          0000000000                                                                  000009
1021903727600017200000260206200016896                         00000000400122352648000000000000000000000000060228122126/400122300000000400122352648311221000000008000023704157  000000000008200000000000000000000000000000000000000000000000000000000000000000000000000000000000000000000000000000000                          0000000000                                                                  000010
1021903727600017200000260206200016896                         00000000400143045206000000000000000000000000060228122126/400143000000000400143045206311221000000000800023704422  000000000008200000000000000000000000000000000000000000000000000000000000000000000000000000000000000000000000000000000                          0000000000                                                                  000011
1021903727600017200000260206200016896                         00000000400146586895000000000000000000000000060228122126/400146500000000400146586895311221000000001000023704400  000000000008200000000000000000000000000000000000000000000000000000000000000000000000000000000000000000000000000000000                          0000000000                                                                  000012
1021903727600017200000260206200016896                         00000000400158967053000000000000000000000000060228122126/400158900000000400158967053311221000000002750023704154  000000000008200000000000000000000000000000000000000000000000000000000000000000000000000000000000000000000000000000000                          0000000000                                                                  000013
1021903727600017200000260206200016896                         00000000400174305745000000000000000000000000060228122126/400174300000000400174305745311221000000007840023704154  000000000008200000000000000000000000000000000000000000000000000000000000000000000000000000000000000000000000000000000                          0000000000                                                                  000014
1021903727600017200000260206200016896                         0000000040020626034P000000000000000000000000060228122126/40020620000000040020626034P311221000000000810023704602  000000000008200000000000000000000000000000000000000000000000000000000000000000000000000000000000000000000000000000000                          7600000000                                                                  000015
1021903727600017200000260206200016896                         00000000400206975152000000000000000000000000060228122126/400206900000000400206975152311221000000000800023704422  000000000008200000000000000000000000000000000000000000000000000000000000000000000000000000000000000000000000000000000                          0000000000                                                                  000016
1021903727600017200000260206200016896                         00000000400214312294000000000000000000000000060228122126/400214300000000400214312294311221000000010000023704157  000000000008200000000000000000000000000000000000000000000000000000000000000000000000000000000000000000000000000000000                          0000000000                                                                  000017
1021903727600017200000260206200016896                         00000000400245232248000000000000000000000000060228122126/400245200000000400245232248311221000000005000023700153  000000000008200000000000000000000000000000000000000000000000000000000000000000000000000000000000000000000000000000000                          0000000000                                                                  000018
1021903727600017200000260206200016896                         00000000400264564154000000000000000000000000060228122126/400264500000000400264564154311221000000000800023704422  000000000008200000000000000000000000000000000000000000000000000000000000000000000000000000000000000000000000000000000                          0000000000                                                                  000019
1021903727600017200000260206200016896                         00000000400270422213000000000000000000000000060228122126/400270400000000400270422213311221000000001190023704159  000000000008200000000000000000000000000000000000000000000000000000000000000000000000000000000000000000000000000000000                          0000000000                                                                  000020
1021903727600017200000260206200016896                         00000000400281832456000000000000000000000000060228122126/400281800000000400281832456311221000000000800023704422  000000000008200000000000000000000000000000000000000000000000000000000000000000000000000000000000000000000000000000000                          0000000000                                                                  000021
1021903727600017200000260206200016896                         00000000400286383811000000000000000000000000060228122126/400286300000000400286383811311221000000012000023700435  000000000008200000000000000000000000000000000000000000000000000000000000000000000000000000000000000000000000000000000                          0000000000                                                                  000022
1021903727600017200000260206200016896                         00000000400313753510000000000000000000000000060228122126/400313700000000400313753510311221000000000800023704422  000000000008200000000000000000000000000000000000000000000000000000000000000000000000000000000000000000000000000000000                          0000000000                                                                  000023
1021903727600017200000260206200016896                         00000000400333028618000000000000000000000000060228122126/400333000000000400333028618311221000000004000023700140  000000000008200000000000000000000000000000000000000000000000000000000000000000000000000000000000000000000000000000000                          0000000000                                                                  000024
1021903727600017200000260206200016896                         00000000400341478673000000000000000000000000060228122126/400341400000000400341478673311221000000004000023704154  000000000008200000000000000000000000000000000000000000000000000000000000000000000000000000000000000000000000000000000                          0000000000                                                                  000025
1021903727600017200000260206200016896                         00000000400359946267000000000000000000000000060228122126/400359900000000400359946267311221000000008100023704143  000000000008200000000000000000000000000000000000000000000000000000000000000000000000000000000000000000000000000000000                          0000000000                                                                  000026
1021903727600017200000260206200016896                         00000000400367809910000000000000000000000000060228122126/400367800000000400367809910311221000000001400023700140  000000000008200000000000000000000000000000000000000000000000000000000000000000000000000000000000000000000000000000000                          0000000000                                                                  000027
1021903727600017200000260206200016896                         00000000400446457957000000000000000000000000060228122126/400446400000000400446457957311221000000006990023702062  000000000008200000000000000000000000000000000000000000000000000000000000000000000000000000000000000000000000000000000                          0000000000                                                                  000028
1021903727600017200000260206200016896                         00000000400451669539000000000000000000000000060228122126/400451600000000400451669539311221000000000800023704422  000000000008200000000000000000000000000000000000000000000000000000000000000000000000000000000000000000000000000000000                          0000000000                                                                  000029
1021903727600017200000260206200016896                         00000000400593829886000000000000000000000000060228122126/400593800000000400593829886311221000000000800023704452  000000000008200000000000000000000000000000000000000000000000000000000000000000000000000000000000000000000000000000000                          0000000000                                                                  000030
1021903727600017200000260206200016896                         00000000400594479927000000000000000000000000060228122126/400594400000000400594479927311221000000007600023700321  000000000008200000000000000000000000000000000000000000000000000000000000000000000000000000000000000000000000000000000                          0000000000                                                                  000031
1021903727600017200000260206200016896                         00000000400608058466000000000000000000000000060228122126/400608000000000400608058466311221000000060000023704143  000000000008200000000000000000000000000000000000000000000000000000000000000000000000000000000000000000000000000000000                          0000000000                                                                  000032
1021903727600017200000260206200016896                         00000000400626857139000000000000000000000000060228122126/400626800000000400626857139311221000000000800023704602  000000000008200000000000000000000000000000000000000000000000000000000000000000000000000000000000000000000000000000000                          7600000000                                                                  000033
1021903727600017200000260206200016896                         00000000400635753923000000000000000000000000060228122126/400635700000000400635753923311221000000000800023704422  000000000008200000000000000000000000000000000000000000000000000000000000000000000000000000000000000000000000000000000                          0000000000                                                                  000034
1021903727600017200000260206200016896                         00000000400636395869000000000000000000000000060228122126/400636300000000400636395869311221000000010120023704154  000000000008200000000000000000000000000000000000000000000000000000000000000000000000000000000000000000000000000000000                          0000000000                                                                  000035
1021903727600017200000260206200016896                         00000000400729649518000000000000000000000000060228122126/400729600000000400729649518311221000000001000023704422  000000000008200000000000000000000000000000000000000000000000000000000000000000000000000000000000000000000000000000000                          0000000000                                                                  000036
1021903727600017200000260206200016896                         00000000400731189443000000000000000000000000060228122126/400731100000000400731189443311221000000003490023704159  000000000008200000000000000000000000000000000000000000000000000000000000000000000000000000000000000000000000000000000                          0000000000                                                                  000037
1021903727600017200000260206200016896                         00000000400825127891000000000000000000000000060228122126/400825100000000400825127891311221000000008000023704159  000000000008200000000000000000000000000000000000000000000000000000000000000000000000000000000000000000000000000000000                          0000000000                                                                  000038
1021903727600017200000260206200016896                         00000000400830484627000000000000000000000000060228122126/400830400000000400830484627311221000000005000023702062  000000000008200000000000000000000000000000000000000000000000000000000000000000000000000000000000000000000000000000000                          0000000000                                                                  000039
1021903727600017200000260206200016896                         00000000400832344431000000000000000000000000060228122126/400832300000000400832344431311221000000005000023704143  000000000008200000000000000000000000000000000000000000000000000000000000000000000000000000000000000000000000000000000                          0000000000                                                                  000040
1021903727600017200000260206200016896                         0000000040083347455P000000000000000000000000060228122126/40083340000000040083347455P311221000000000800023704422  000000000008200000000000000000000000000000000000000000000000000000000000000000000000000000000000000000000000000000000                          0000000000                                                                  000041
1021903727600017200000260206200016896                         00000000400865890148000000000000000000000000060228122126/400865800000000400865890148311221000000001500023700435  000000000008200000000000000000000000000000000000000000000000000000000000000000000000000000000000000000000000000000000                          0000000000                                                                  000042
1021903727600017200000260206200016896                         00000000400904223138000000000000000000000000060228122126/400904200000000400904223138311221000000000800023704422  000000000008200000000000000000000000000000000000000000000000000000000000000000000000000000000000000000000000000000000                          0000000000                                                                  000043
1021903727600017200000260206200016896                         00000000400904921331000000000000000000000000060228122126/400904900000000400904921331311221000000000800023704422  000000000008200000000000000000000000000000000000000000000000000000000000000000000000000000000000000000000000000000000                          0000000000                                                                  000044
1021903727600017200000260206200016896                         00000000400949194627000000000000000000000000060228122126/400949100000000400949194627311221000000002000023702062  000000000008200000000000000000000000000000000000000000000000000000000000000000000000000000000000000000000000000000000                          0000000000                                                                  000045
1021903727600017200000260206200016896                         00000000400952739316000000000000000000000000060228122126/400952700000000400952739316311221000000000800023704422  000000000008200000000000000000000000000000000000000000000000000000000000000000000000000000000000000000000000000000000                          0000000000                                                                  000046
1021903727600017200000260206200016896                         00000000400957004195000000000000000000000000060228122126/400957000000000400957004195311221000000003000023704436  000000000008200000000000000000000000000000000000000000000000000000000000000000000000000000000000000000000000000000000                          0000000000                                                                  000047
1021903727600017200000260206200016896                         00000000400962274125000000000000000000000000060228122126/400962200000000400962274125311221000000000800023704452  000000000008200000000000000000000000000000000000000000000000000000000000000000000000000000000000000000000000000000000                          0000000000                                                                  000048
1021903727600017200000260206200016896                         00000000100032305051000000000000000000000000060628122126/100032300000000100032305051281221000000012863310404752  000000000000000000000000000000000000000000000000000000000000000000000000000000000000012863300000000000000000000000000   291221             00000000000000                                                                  000049
1021903727600017200000260206200016896                         0000000010003231249P000000000000000000000000060628122126/10003230000000010003231249P281221000000000646107700001  000000000000000000000000000000000000000000000000000000000000000000000000000000000000000646100000000000000000000000000   291221             00000000000000                                                                  000050
1021903727600017200000260206200016896                         00000000200242045960000000000000000000000000060628122126/200242000000000200242045960311221000000000562023705781  000000000000000000000000000000000000000000000000000000000000000000000000000000000000000562000000000000000000000000000   291221             00000000000000                                                                  000051
1021903727600017200000260206200016896                         00000000200757265033000000000000000000000000060628122126/200757200000000200757265033311221000000000219910400601  000000000000000000000000000000000000000000000000000000000000000000000000000000000000000219900000000000000000000000000   291221             00000000000000                                                                  000052
1021903727600017200000260206200016896                         00000000400122352648000000000000000000000000060628122126/400122300000000400122352648311221000000008000010400389  000000000000000000000000000000000000000000000000000000000000000000000000000000000000008000000000000000000000000000000   291221             00000000000000                                                                  000053
1021903727600017200000260206200016896                         00000000400143045206000000000000000000000000060628122126/400143000000000400143045206311221000000000800065500001  000000000000000000000000000000000000000000000000000000000000000000000000000000000000000800000000000000000000000000000   291221             00000000000000                                                                  000054
1021903727600017200000260206200016896                         00000000400146586895000000000000000000000000060628122126/400146500000000400146586895311221000000001000075604327  000000000000000000000000000000000000000000000000000000000000000000000000000000000000001000000000000000000000000000000   291221             00000000000000                                                                  000055
1021903727600017200000260206200016896                         00000000400158967053000000000000000000000000060628122126/400158900000000400158967053311221000000002750010400169  000000000000000000000000000000000000000000000000000000000000000000000000000000000000002750000000000000000000000000000   291221             00000000000000                                                                  000056
1021903727600017200000260206200016896                         00000000400174305745000000000000000000000000060628122126/400174300000000400174305745311221000000007840002100133  000000000000000000000000000000000000000000000000000000000000000000000000000000000000007840000000000000000000000000000   291221             00000000000000                                                                  000057
1021903727600017200000260206200016896                         0000000040020626034P000000000000000000000000060628122126/40020620000000040020626034P311221000000000810075600259  000000000000000000000000000000000000000000000000000000000000000000000000000000000000000810000000000000000000000000000   291221             00000000000000                                                                  000058
1021903727600017200000260206200016896                         00000000400206975152000000000000000000000000060628122126/400206900000000400206975152311221000000000800065500001  000000000000000000000000000000000000000000000000000000000000000000000000000000000000000800000000000000000000000000000   291221             00000000000000                                                                  000059
1021903727600017200000260206200016896                         00000000400214312294000000000000000000000000060628122126/400214300000000400214312294311221000000010000023703929  000000000000000000000000000000000000000000000000000000000000000000000000000000000000010000000000000000000000000000000   291221             00000000000000                                                                  000060
1021903727600017200000260206200016896                         00000000400245232248000000000000000000000000060628122126/400245200000000400245232248311221000000005000023705889  000000000000000000000000000000000000000000000000000000000000000000000000000000000000005000000000000000000000000000000   291221             00000000000000                                                                  000061
1021903727600017200000260206200016896                         00000000400264564154000000000000000000000000060628122126/400264500000000400264564154311221000000000800065500001  000000000000000000000000000000000000000000000000000000000000000000000000000000000000000800000000000000000000000000000   291221             00000000000000                                                                  000062
1021903727600017200000260206200016896                         00000000400270422213000000000000000000000000060628122126/400270400000000400270422213311221000000001190075604327  000000000000000000000000000000000000000000000000000000000000000000000000000000000000001190000000000000000000000000000   291221             00000000000000                                                                  000063
1021903727600017200000260206200016896                         00000000400281832456000000000000000000000000060628122126/400281800000000400281832456311221000000000800065500001  000000000000000000000000000000000000000000000000000000000000000000000000000000000000000800000000000000000000000000000   291221             00000000000000                                                                  000064
1021903727600017200000260206200016896                         00000000400286383811000000000000000000000000060628122126/400286300000000400286383811311221000000012000000102469  000000000000000000000000000000000000000000000000000000000000000000000000000000000000012000000000000000000000000000000   291221             00000000000000                                                                  000065
1021903727600017200000260206200016896                         00000000400313753510000000000000000000000000060628122126/400313700000000400313753510311221000000000800065500001  000000000000000000000000000000000000000000000000000000000000000000000000000000000000000800000000000000000000000000000   291221             00000000000000                                                                  000066
1021903727600017200000260206200016896                         00000000400333028618000000000000000000000000060628122126/400333000000000400333028618311221000000004000075604327  000000000000000000000000000000000000000000000000000000000000000000000000000000000000004000000000000000000000000000000   291221             00000000000000                                                                  000067
1021903727600017200000260206200016896                         00000000400341478673000000000000000000000000060628122126/400341400000000400341478673311221000000004000002100133  000000000000000000000000000000000000000000000000000000000000000000000000000000000000004000000000000000000000000000000   291221             00000000000000                                                                  000068
1021903727600017200000260206200016896                         00000000400359946267000000000000000000000000060628122126/400359900000000400359946267311221000000008100010401070  000000000000000000000000000000000000000000000000000000000000000000000000000000000000008100000000000000000000000000000   291221             00000000000000                                                                  000069
1021903727600017200000260206200016896                         00000000400366364486000000000000000000000000060628122126/400366300000000400366364486301221000000012000010401070  000000000000000000000000000000000000000000000000000000000000000000000000000000000000012000000000000000000000000000000   291221             00000000000000                                                                  000070
1021903727600017200000260206200016896                         00000000400367809910000000000000000000000000060628122126/400367800000000400367809910311221000000001400007000264  000000000000000000000000000000000000000000000000000000000000000000000000000000000000001400000000000000000000000000000   291221             00000000000000                                                                  000071
1021903727600017200000260206200016896                         00000000400446457957000000000000000000000000060628122126/400446400000000400446457957311221000000006990010402257  000000000000000000000000000000000000000000000000000000000000000000000000000000000000006990000000000000000000000000000   291221             00000000000000                                                                  000072
1021903727600017200000260206200016896                         00000000400451669539000000000000000000000000060628122126/400451600000000400451669539311221000000000800065500001  000000000000000000000000000000000000000000000000000000000000000000000000000000000000000800000000000000000000000000000   291221             00000000000000                                                                  000073
1021903727600017200000260206200016896                         00000000400486331417000000000000000000000000060628122126/400486300000000400486331417301221000000004000010401580  000000000000000000000000000000000000000000000000000000000000000000000000000000000000004000000000000000000000000000000   291221             00000000000000                                                                  000074
1021903727600017200000260206200016896                         00000000400510002721000000000000000000000000060628122126/400510000000000400510002721301221000000007130010400422  000000000000000000000000000000000000000000000000000000000000000000000000000000000000007130000000000000000000000000000   291221             00000000000000                                                                  000075
1021903727600017200000260206200016896                         00000000400593829886000000000000000000000000060628122126/400593800000000400593829886311221000000000800075604327  000000000000000000000000000000000000000000000000000000000000000000000000000000000000000800000000000000000000000000000   291221             00000000000000                                                                  000076
1021903727600017200000260206200016896                         00000000400594479927000000000000000000000000060628122126/400594400000000400594479927311221000000007600010401859  000000000000000000000000000000000000000000000000000000000000000000000000000000000000007600000000000000000000000000000   291221             00000000000000                                                                  000077
1021903727600017200000260206200016896                         00000000400626857139000000000000000000000000060628122126/400626800000000400626857139311221000000000800075600259  000000000000000000000000000000000000000000000000000000000000000000000000000000000000000800000000000000000000000000000   291221             00000000000000                                                                  000078
1021903727600017200000260206200016896                         00000000400635753923000000000000000000000000060628122126/400635700000000400635753923311221000000000800065500001  000000000000000000000000000000000000000000000000000000000000000000000000000000000000000800000000000000000000000000000   291221             00000000000000                                                                  000079
1021903727600017200000260206200016896                         00000000400636395869000000000000000000000000060628122126/400636300000000400636395869311221000000010120002100112  000000000000000000000000000000000000000000000000000000000000000000000000000000000000010120000000000000000000000000000   291221             00000000000000                                                                  000080
1021903727600017200000260206200016896                         00000000400729649518000000000000000000000000060628122126/400729600000000400729649518311221000000001000000103192  000000000000000000000000000000000000000000000000000000000000000000000000000000000000001000000000000000000000000000000   291221             00000000000000                                                                  000081
1021903727600017200000260206200016896                         00000000400731189443000000000000000000000000060628122126/400731100000000400731189443311221000000003490075604327  000000000000000000000000000000000000000000000000000000000000000000000000000000000000003490000000000000000000000000000   291221             00000000000000                                                                  000082
1021903727600017200000260206200016896                         00000000400830484627000000000000000000000000060628122126/400830400000000400830484627311221000000005000010401890  000000000000000000000000000000000000000000000000000000000000000000000000000000000000005000000000000000000000000000000   291221             00000000000000                                                                  000083
1021903727600017200000260206200016896                         0000000040083347455P000000000000000000000000060628122126/40083340000000040083347455P311221000000000800065500001  000000000000000000000000000000000000000000000000000000000000000000000000000000000000000800000000000000000000000000000   291221             00000000000000                                                                  000084
1021903727600017200000260206200016896                         00000000400904223138000000000000000000000000060628122126/400904200000000400904223138311221000000000800065500001  000000000000000000000000000000000000000000000000000000000000000000000000000000000000000800000000000000000000000000000   291221             00000000000000                                                                  000085
1021903727600017200000260206200016896                         00000000400949194627000000000000000000000000060628122126/400949100000000400949194627311221000000002000003302271  000000000000000000000000000000000000000000000000000000000000000000000000000000000000002000000000000000000000000000000   291221             00000000000000                                                                  000086
1021903727600017200000260206200016896                         00000000400952739316000000000000000000000000060628122126/400952700000000400952739316311221000000000800065500001  000000000000000000000000000000000000000000000000000000000000000000000000000000000000000800000000000000000000000000000   291221             00000000000000                                                                  000087
1021903727600017200000260206200016896                         00000000400962274125000000000000000000000000060628122126/400962200000000400962274125311221000000000800075604327  000000000000000000000000000000000000000000000000000000000000000000000000000000000000000800000000000000000000000000000   291221             00000000000000                                                                  000088
1021903727600017200000260206200016896                         00000000200758672651000000000000000000000000061028122126/200758600000000200758672651281021000000001016523700000  000000000000000000000000000000000000000000000000000000000000000000000000000000000000000000000000000000000000000000000                          1600000000                                                                  000089
1021903727600017200000260206200016896                         00000000400088874931000000000000000000000000061028122126/400088800000000400088874931281021000000001500023700000  000000000000000000000000000000000000000000000000000000000000000000000000000000000000000000000000000000000000000000000                          1600000000                                                                  000090
1021903727600017200000260206200016896                         00000000400136700053000000000000000000000000061028122126/400136700000000400136700053281021000000001000023700000  000000000000000000000000000000000000000000000000000000000000000000000000000000000000000000000000000000000000000000000                          1600000000                                                                  000091
1021903727600017200000260206200016896                         00000000400153381042000000000000000000000000061028122126/400153300000000400153381042281021000000000800023700000  000000000000000000000000000000000000000000000000000000000000000000000000000000000000000000000000000000000000000000000                          1600000000                                                                  000092
1021903727600017200000260206200016896                         00000000400326402369000000000000000000000000061028122126/400326400000000400326402369281021000000000800023700000  000000000000000000000000000000000000000000000000000000000000000000000000000000000000000000000000000000000000000000000                          1600000000                                                                  000093
1021903727600017200000260206200016896                         00000000600382139637000000000000000000000000061028122126/600382100000000600382139637281021000000001500023700000  000000000000000000000000000000000000000000000000000000000000000000000000000000000000000000000000000000000000000000000                          1600000000                                                                  000094
9201237          000003300000001098863200000838          00047000002061409000001501113000400000015011130000600000006616500000000000000000000000000000000000000000000000000000000000000000000                                                                                                                                                                              00000000000000000000000         000095
