02RETORNO01COBRANCA       00000000000005034448E-PREPAG ADMINISTRADORA DE CAR237BRADESCO       2809210160000000776                                                                                                                                                                                                                                                                          290921         000001
1021903727600017200000260206200016896                         0000000010003144998P000000000000000000000000060228092126/10003140000000010003144998P280921000000016302923704159  000000000008200000000000000000000000000000000000000000000000000000000000000000000000000000000000000000000000000000000                          0000000000                                                                  000002
1021903727600017200000260206200016896                         00000000100031450813000000000000000000000000060228092126/100031400000000100031450813280921000000002616823704436  000000000008200000000000000000000000000000000000000000000000000000000000000000000000000000000000000000000000000000000                          0000000000                                                                  000003
1021903727600017200000260206200016896                         00000000100031455734000000000000000000000000060228092126/100031400000000100031455734280921000000001232623704144  000000000008200000000000000000000000000000000000000000000000000000000000000000000000000000000000000000000000000000000                          7600000000                                                                  000004
1021903727600017200000260206200016896                         00000000100031464873000000000000000000000000060228092126/100031400000000100031464873280921000000000126023704151  000000000008200000000000000000000000000000000000000000000000000000000000000000000000000000000000000000000000000000000                          0000000000                                                                  000005
1021903727600017200000260206200016896                         00000000200337630194000000000000000000000000060228092126/200337600000000200337630194011021000000002421523704154  000000000008200000000000000000000000000000000000000000000000000000000000000000000000000000000000000000000000000000000                          0000000000                                                                  000006
1021903727600017200000260206200016896                         00000000200340233872000000000000000000000000060228092126/200340200000000200340233872011021000000000269923700523  000000000008200000000000000000000000000000000000000000000000000000000000000000000000000000000000000000000000000000000                          0000000000                                                                  000007
1021903727600017200000260206200016896                         00000000200444320475000000000000000000000000060228092126/200444300000000200444320475011021000000000069923704400  000000000008200000000000000000000000000000000000000000000000000000000000000000000000000000000000000000000000000000000                          0000000000                                                                  000008
1021903727600017200000260206200016896                         00000000200766576165000000000000000000000000060228092126/200766500000000200766576165011021000000000968823704144  000000000008200000000000000000000000000000000000000000000000000000000000000000000000000000000000000000000000000000000                          0000000000                                                                  000009
1021903727600017200000260206200016896                         00000000400005665414000000000000000000000000060228092126/400005600000000400005665414011021000000001050023704422  000000000008200000000000000000000000000000000000000000000000000000000000000000000000000000000000000000000000000000000                          0000000000                                                                  000010
1021903727600017200000260206200016896                         00000000400096570356000000000000000000000000060228092126/400096500000000400096570356011021000000002500023704424  000000000008200000000000000000000000000000000000000000000000000000000000000000000000000000000000000000000000000000000                          0000000000                                                                  000011
1021903727600017200000260206200016896                         00000000400130823927000000000000000000000000060228092126/400130800000000400130823927011021000000000800023700435  000000000008200000000000000000000000000000000000000000000000000000000000000000000000000000000000000000000000000000000                          0000000000                                                                  000012
1021903727600017200000260206200016896                         00000000400130933277000000000000000000000000060228092126/400130900000000400130933277011021000000012000023704158  000000000008200000000000000000000000000000000000000000000000000000000000000000000000000000000000000000000000000000000                          0000000000                                                                  000013
1021903727600017200000260206200016896                         00000000400152520812000000000000000000000000060228092126/400152500000000400152520812011021000000001500023700389  000000000008200000000000000000000000000000000000000000000000000000000000000000000000000000000000000000000000000000000                          0000000000                                                                  000014
1021903727600017200000260206200016896                         00000000400160113274000000000000000000000000060228092126/400160100000000400160113274011021000000001510023704143  000000000008200000000000000000000000000000000000000000000000000000000000000000000000000000000000000000000000000000000                          7600000000                                                                  000015
1021903727600017200000260206200016896                         00000000400218513154000000000000000000000000060228092126/400218500000000400218513154011021000000004440023704158  000000000008200000000000000000000000000000000000000000000000000000000000000000000000000000000000000000000000000000000                          0000000000                                                                  000016
1021903727600017200000260206200016896                         0000000040025702666P000000000000000000000000060228092126/40025700000000040025702666P011021000000000800023704422  000000000008200000000000000000000000000000000000000000000000000000000000000000000000000000000000000000000000000000000                          0000000000                                                                  000017
1021903727600017200000260206200016896                         00000000400268512531000000000000000000000000060228092126/400268500000000400268512531011021000000050000023704151  000000000008200000000000000000000000000000000000000000000000000000000000000000000000000000000000000000000000000000000                          0000000000                                                                  000018
1021903727600017200000260206200016896                         00000000400301447910000000000000000000000000060228092126/400301400000000400301447910011021000000002500023704428  000000000008200000000000000000000000000000000000000000000000000000000000000000000000000000000000000000000000000000000                          0000000000                                                                  000019
1021903727600017200000260206200016896                         00000000400386799756000000000000000000000000060228092126/400386700000000400386799756011021000000000840023704158  000000000008200000000000000000000000000000000000000000000000000000000000000000000000000000000000000000000000000000000                          0000000000                                                                  000020
1021903727600017200000260206200016896                         00000000400409163986000000000000000000000000060228092126/400409100000000400409163986011021000000005000023704143  000000000008200000000000000000000000000000000000000000000000000000000000000000000000000000000000000000000000000000000                          0000000000                                                                  000021
1021903727600017200000260206200016896                         00000000400409192994000000000000000000000000060228092126/400409100000000400409192994011021000000007000023700153  000000000008200000000000000000000000000000000000000000000000000000000000000000000000000000000000000000000000000000000                          0000000000                                                                  000022
1021903727600017200000260206200016896                         00000000400425688851000000000000000000000000060228092126/400425600000000400425688851011021000000002000023704151  000000000008200000000000000000000000000000000000000000000000000000000000000000000000000000000000000000000000000000000                          0000000000                                                                  000023
1021903727600017200000260206200016896                         00000000400427845202000000000000000000000000060228092126/400427800000000400427845202011021000000005500023704159  000000000008200000000000000000000000000000000000000000000000000000000000000000000000000000000000000000000000000000000                          0000000000                                                                  000024
1021903727600017200000260206200016896                         00000000400435610672000000000000000000000000060228092126/400435600000000400435610672011021000000005500023704157  000000000008200000000000000000000000000000000000000000000000000000000000000000000000000000000000000000000000000000000                          0000000000                                                                  000025
1021903727600017200000260206200016896                         00000000400471952369000000000000000000000000060228092126/400471900000000400471952369011021000000001500023704452  000000000008200000000000000000000000000000000000000000000000000000000000000000000000000000000000000000000000000000000                          0000000000                                                                  000026
1021903727600017200000260206200016896                         00000000400474679965000000000000000000000000060228092126/400474600000000400474679965011021000000015000023704157  000000000008200000000000000000000000000000000000000000000000000000000000000000000000000000000000000000000000000000000                          0000000000                                                                  000027
1021903727600017200000260206200016896                         00000000400497115279000000000000000000000000060228092126/400497100000000400497115279011021000000000800023704422  000000000008200000000000000000000000000000000000000000000000000000000000000000000000000000000000000000000000000000000                          0000000000                                                                  000028
1021903727600017200000260206200016896                         00000000400525054043000000000000000000000000060228092126/400525000000000400525054043011021000000001430023700320  000000000008200000000000000000000000000000000000000000000000000000000000000000000000000000000000000000000000000000000                          0000000000                                                                  000029
1021903727600017200000260206200016896                         00000000400545210157000000000000000000000000060228092126/400545200000000400545210157011021000000000800023704424  000000000008200000000000000000000000000000000000000000000000000000000000000000000000000000000000000000000000000000000                          0000000000                                                                  000030
1021903727600017200000260206200016896                         00000000400555829880000000000000000000000000060228092126/400555800000000400555829880011021000000002500023704151  000000000008200000000000000000000000000000000000000000000000000000000000000000000000000000000000000000000000000000000                          0000000000                                                                  000031
1021903727600017200000260206200016896                         00000000400613220336000000000000000000000000060228092126/400613200000000400613220336011021000000000800023704422  000000000008200000000000000000000000000000000000000000000000000000000000000000000000000000000000000000000000000000000                          0000000000                                                                  000032
1021903727600017200000260206200016896                         00000000400619214575000000000000000000000000060228092126/400619200000000400619214575011021000000000800023704422  000000000008200000000000000000000000000000000000000000000000000000000000000000000000000000000000000000000000000000000                          0000000000                                                                  000033
1021903727600017200000260206200016896                         0000000040063772937P000000000000000000000000060228092126/40063770000000040063772937P011021000000001200023703162  000000000008200000000000000000000000000000000000000000000000000000000000000000000000000000000000000000000000000000000                          0000000000                                                                  000034
1021903727600017200000260206200016896                         0000000040064045506P000000000000000000000000060228092126/40064040000000040064045506P011021000000000800023702062  000000000008200000000000000000000000000000000000000000000000000000000000000000000000000000000000000000000000000000000                          0000000000                                                                  000035
1021903727600017200000260206200016896                         00000000400644771349000000000000000000000000060228092126/400644700000000400644771349011021000000001500023704424  000000000008200000000000000000000000000000000000000000000000000000000000000000000000000000000000000000000000000000000                          0000000000                                                                  000036
1021903727600017200000260206200016896                         00000000400672737458000000000000000000000000060228092126/400672700000000400672737458011021000000002500023704143  000000000008200000000000000000000000000000000000000000000000000000000000000000000000000000000000000000000000000000000                          0000000000                                                                  000037
1021903727600017200000260206200016896                         00000000400703231566000000000000000000000000060228092126/400703200000000400703231566011021000000000800023704144  000000000008200000000000000000000000000000000000000000000000000000000000000000000000000000000000000000000000000000000                          0000000000                                                                  000038
1021903727600017200000260206200016896                         00000000400741772864000000000000000000000000060228092126/400741700000000400741772864011021000000000800023704422  000000000008200000000000000000000000000000000000000000000000000000000000000000000000000000000000000000000000000000000                          0000000000                                                                  000039
1021903727600017200000260206200016896                         0000000040076198972P000000000000000000000000060228092126/40076190000000040076198972P011021000000100000023704428  000000000008200000000000000000000000000000000000000000000000000000000000000000000000000000000000000000000000000000000                          7600000000                                                                  000040
1021903727600017200000260206200016896                         00000000400774586349000000000000000000000000060228092126/400774500000000400774586349011021000000005000023704159  000000000008200000000000000000000000000000000000000000000000000000000000000000000000000000000000000000000000000000000                          0000000000                                                                  000041
1021903727600017200000260206200016896                         00000000400789303262000000000000000000000000060228092126/400789300000000400789303262011021000000000800023704422  000000000008200000000000000000000000000000000000000000000000000000000000000000000000000000000000000000000000000000000                          0000000000                                                                  000042
1021903727600017200000260206200016896                         00000000400813230034000000000000000000000000060228092126/400813200000000400813230034011021000000000800023704422  000000000008200000000000000000000000000000000000000000000000000000000000000000000000000000000000000000000000000000000                          0000000000                                                                  000043
1021903727600017200000260206200016896                         00000000400873953779000000000000000000000000060228092126/400873900000000400873953779011021000000000800023704422  000000000008200000000000000000000000000000000000000000000000000000000000000000000000000000000000000000000000000000000                          0000000000                                                                  000044
1021903727600017200000260206200016896                         0000000040088207284P000000000000000000000000060228092126/40088200000000040088207284P011021000000000800023704422  000000000008200000000000000000000000000000000000000000000000000000000000000000000000000000000000000000000000000000000                          0000000000                                                                  000045
1021903727600017200000260206200016896                         0000000040088809148P000000000000000000000000060228092126/40088800000000040088809148P011021000000004000023704152  000000000008200000000000000000000000000000000000000000000000000000000000000000000000000000000000000000000000000000000                          0000000000                                                                  000046
1021903727600017200000260206200016896                         00000000400890748313000000000000000000000000060228092126/400890700000000400890748313011021000000000800023704422  000000000008200000000000000000000000000000000000000000000000000000000000000000000000000000000000000000000000000000000                          0000000000                                                                  000047
1021903727600017200000260206200016896                         00000000400897893599000000000000000000000000060228092126/400897800000000400897893599011021000000000810023702062  000000000008200000000000000000000000000000000000000000000000000000000000000000000000000000000000000000000000000000000                          0000000000                                                                  000048
1021903727600017200000260206200016896                         00000000400937826288000000000000000000000000060228092126/400937800000000400937826288011021000000010350023704154  000000000008200000000000000000000000000000000000000000000000000000000000000000000000000000000000000000000000000000000                          0000000000                                                                  000049
1021903727600017200000260206200016896                         00000000400939802599000000000000000000000000060228092126/400939800000000400939802599011021000000005500023704151  000000000008200000000000000000000000000000000000000000000000000000000000000000000000000000000000000000000000000000000                          0000000000                                                                  000050
1021903727600017200000260206200016896                         00000000400942502482000000000000000000000000060228092126/400942500000000400942502482011021000000002500023704400  000000000008200000000000000000000000000000000000000000000000000000000000000000000000000000000000000000000000000000000                          0000000000                                                                  000051
1021903727600017200000260206200016896                         00000000400948681931000000000000000000000000060228092126/400948600000000400948681931011021000000000800023704422  000000000008200000000000000000000000000000000000000000000000000000000000000000000000000000000000000000000000000000000                          0000000000                                                                  000052
1021903727600017200000260206200016896                         00000000400959397690000000000000000000000000060228092126/400959300000000400959397690011021000000001500023704452  000000000008200000000000000000000000000000000000000000000000000000000000000000000000000000000000000000000000000000000                          0000000000                                                                  000053
1021903727600017200000260206200016896                         00000000400966709258000000000000000000000000060228092126/400966700000000400966709258011021000000000800023704274  000000000008200000000000000000000000000000000000000000000000000000000000000000000000000000000000000000000000000000000                          0000000000                                                                  000054
1021903727600017200000260206200016896                         00000000400313543451000000000000000000000000060328092126/400313500000000400313543451300921000000002500023704400  000000000000000000000000000000000000000000000000000000000000000000000000000000000000000000000000000000000000000000000                          0900000000                                                                  000055
1021903727600017200000260206200016896                         0000000010003144998P000000000000000000000000060628092126/10003140000000010003144998P280921000000016302910401890  000000000000000000000000000000000000000000000000000000000000000000000000000000000000016302900000000000000000000000000   290921             00000000000000                                                                  000056
1021903727600017200000260206200016896                         00000000100031450813000000000000000000000000060628092126/100031400000000100031450813280921000000002616863300001  000000000000000000000000000000000000000000000000000000000000000000000000000000000000002616800000000000000000000000000   290921             00000000000000                                                                  000057
1021903727600017200000260206200016896                         00000000100031455734000000000000000000000000060628092126/100031400000000100031455734280921000000001232607700001  000000000000000000000000000000000000000000000000000000000000000000000000000000000000001232600000000000000000000000000   290921             00000000000000                                                                  000058
1021903727600017200000260206200016896                         00000000100031459578000000000000000000000000060628092126/100031400000000100031459578280921000000002804763300001  000000000000000000000000000000000000000000000000000000000000000000000000000000000000002804700000000000000000000000000   290921             00000000000000                                                                  000059
1021903727600017200000260206200016896                         00000000100031464873000000000000000000000000060628092126/100031400000000100031464873280921000000000126000103567  000000000000000000000000000000000000000000000000000000000000000000000000000000000000000126000000000000000000000000000   290921             00000000000000                                                                  000060
1021903727600017200000260206200016896                         00000000100031512215000000000000000000000000060628092126/100031500000000100031512215280921000000002381134108570  000000000000000000000000000000000000000000000000000000000000000000000000000000000000002381100000000000000000000000000   290921             00000000000000                                                                  000061
1021903727600017200000260206200016896                         0000000020017531319P000000000000000000000000060628092126/20017530000000020017531319P280921000000000960400100821  000000000000000000000000000000000000000000000000000000000000000000000000000000000000000960400000000000000000000000000   290921             00000000000000                                                                  000062
1021903727600017200000260206200016896                         00000000200340233872000000000000000000000000060628092126/200340200000000200340233872011021000000000269910403880  000000000000000000000000000000000000000000000000000000000000000000000000000000000000000269900000000000000000000000000   290921             00000000000000                                                                  000063
1021903727600017200000260206200016896                         00000000400005665414000000000000000000000000060628092126/400005600000000400005665414011021000000001050075604327  000000000000000000000000000000000000000000000000000000000000000000000000000000000000001050000000000000000000000000000   290921             00000000000000                                                                  000064
1021903727600017200000260206200016896                         00000000400096570356000000000000000000000000060628092126/400096500000000400096570356011021000000002500010403880  000000000000000000000000000000000000000000000000000000000000000000000000000000000000002500000000000000000000000000000   290921             00000000000000                                                                  000065
1021903727600017200000260206200016896                         00000000400112091404000000000000000000000000060628092126/400112000000000400112091404280921000000000800065500001  000000000000000000000000000000000000000000000000000000000000000000000000000000000000000800000000000000000000000000000   290921             00000000000000                                                                  000066
1021903727600017200000260206200016896                         00000000400127547994000000000000000000000000060628092126/400127500000000400127547994280921000000000800065500001  000000000000000000000000000000000000000000000000000000000000000000000000000000000000000800000000000000000000000000000   290921             00000000000000                                                                  000067
1021903727600017200000260206200016896                         00000000400130823927000000000000000000000000060628092126/400130800000000400130823927011021000000000800065500001  000000000000000000000000000000000000000000000000000000000000000000000000000000000000000800000000000000000000000000000   290921             00000000000000                                                                  000068
1021903727600017200000260206200016896                         00000000400154442134000000000000000000000000060628092126/400154400000000400154442134280921000000000800065500001  000000000000000000000000000000000000000000000000000000000000000000000000000000000000000800000000000000000000000000000   290921             00000000000000                                                                  000069
1021903727600017200000260206200016896                         00000000400160113274000000000000000000000000060628092126/400160100000000400160113274011021000000001510023702151  000000000000000000000000000000000000000000000000000000000000000000000000000000000000001510000000000000000000000000000   290921             00000000000000                                                                  000070
1021903727600017200000260206200016896                         00000000400195304110000000000000000000000000060628092126/400195300000000400195304110300921000000000800065500001  000000000000000000000000000000000000000000000000000000000000000000000000000000000000000800000000000000000000000000000   290921             00000000000000                                                                  000071
1021903727600017200000260206200016896                         00000000400218513154000000000000000000000000060628092126/400218500000000400218513154011021000000004440010400422  000000000000000000000000000000000000000000000000000000000000000000000000000000000000004440000000000000000000000000000   290921             00000000000000                                                                  000072
1021903727600017200000260206200016896                         0000000040025702666P000000000000000000000000060628092126/40025700000000040025702666P011021000000000800065500001  000000000000000000000000000000000000000000000000000000000000000000000000000000000000000800000000000000000000000000000   290921             00000000000000                                                                  000073
1021903727600017200000260206200016896                         00000000400268512531000000000000000000000000060628092126/400268500000000400268512531011021000000050000007700001  000000000000000000000000000000000000000000000000000000000000000000000000000000000000050000000000000000000000000000000   290921             00000000000000                                                                  000074
1021903727600017200000260206200016896                         0000000040026895545P000000000000000000000000060628092126/40026890000000040026895545P280921000000000800065500001  000000000000000000000000000000000000000000000000000000000000000000000000000000000000000800000000000000000000000000000   290921             00000000000000                                                                  000075
1021903727600017200000260206200016896                         00000000400301447910000000000000000000000000060628092126/400301400000000400301447910011021000000002500010403880  000000000000000000000000000000000000000000000000000000000000000000000000000000000000002500000000000000000000000000000   290921             00000000000000                                                                  000076
1021903727600017200000260206200016896                         00000000400305988401000000000000000000000000060628092126/400305900000000400305988401280921000000000800065500001  000000000000000000000000000000000000000000000000000000000000000000000000000000000000000800000000000000000000000000000   290921             00000000000000                                                                  000077
1021903727600017200000260206200016896                         00000000400319476411000000000000000000000000060628092126/400319400000000400319476411300921000000000800065500001  000000000000000000000000000000000000000000000000000000000000000000000000000000000000000800000000000000000000000000000   290921             00000000000000                                                                  000078
1021903727600017200000260206200016896                         0000000040034041566P000000000000000000000000060628092126/40034040000000040034041566P280921000000000800065500001  000000000000000000000000000000000000000000000000000000000000000000000000000000000000000800000000000000000000000000000   290921             00000000000000                                                                  000079
1021903727600017200000260206200016896                         00000000400348798339000000000000000000000000060628092126/400348700000000400348798339300921000000000800065500001  000000000000000000000000000000000000000000000000000000000000000000000000000000000000000800000000000000000000000000000   290921             00000000000000                                                                  000080
1021903727600017200000260206200016896                         00000000400386799756000000000000000000000000060628092126/400386700000000400386799756011021000000000840000102020  000000000000000000000000000000000000000000000000000000000000000000000000000000000000000840000000000000000000000000000   290921             00000000000000                                                                  000081
1021903727600017200000260206200016896                         00000000400390041736000000000000000000000000060628092126/400390000000000400390041736280921000000000800065500001  000000000000000000000000000000000000000000000000000000000000000000000000000000000000000800000000000000000000000000000   290921             00000000000000                                                                  000082
1021903727600017200000260206200016896                         00000000400409163986000000000000000000000000060628092126/400409100000000400409163986011021000000005000010403646  000000000000000000000000000000000000000000000000000000000000000000000000000000000000005000000000000000000000000000000   290921             00000000000000                                                                  000083
1021903727600017200000260206200016896                         00000000400409192994000000000000000000000000060628092126/400409100000000400409192994011021000000007000000102265  000000000000000000000000000000000000000000000000000000000000000000000000000000000000007000000000000000000000000000000   290921             00000000000000                                                                  000084
1021903727600017200000260206200016896                         00000000400425688851000000000000000000000000060628092126/400425600000000400425688851011021000000002000063300001  000000000000000000000000000000000000000000000000000000000000000000000000000000000000002000000000000000000000000000000   290921             00000000000000                                                                  000085
1021903727600017200000260206200016896                         00000000400427845202000000000000000000000000060628092126/400427800000000400427845202011021000000005500075604327  000000000000000000000000000000000000000000000000000000000000000000000000000000000000005500000000000000000000000000000   290921             00000000000000                                                                  000086
1021903727600017200000260206200016896                         00000000400435610672000000000000000000000000060628092126/400435600000000400435610672011021000000005500008501127  000000000000000000000000000000000000000000000000000000000000000000000000000000000000005500000000000000000000000000000   290921             00000000000000                                                                  000087
1021903727600017200000260206200016896                         00000000400471952369000000000000000000000000060628092126/400471900000000400471952369011021000000001500010403880  000000000000000000000000000000000000000000000000000000000000000000000000000000000000001500000000000000000000000000000   290921             00000000000000                                                                  000088
1021903727600017200000260206200016896                         00000000400474271230000000000000000000000000060628092126/400474200000000400474271230300921000000005000004100590  000000000000000000000000000000000000000000000000000000000000000000000000000000000000005000000000000000000000000000000   290921             00000000000000                                                                  000089
1021903727600017200000260206200016896                         00000000400474679965000000000000000000000000060628092126/400474600000000400474679965011021000000015000023703929  000000000000000000000000000000000000000000000000000000000000000000000000000000000000015000000000000000000000000000000   290921             00000000000000                                                                  000090
1021903727600017200000260206200016896                         00000000400482385342000000000000000000000000060628092126/400482300000000400482385342280921000000004100075601396  000000000000000000000000000000000000000000000000000000000000000000000000000000000000004100000000000000000000000000000   290921             00000000000000                                                                  000091
1021903727600017200000260206200016896                         00000000400487024836000000000000000000000000060628092126/400487000000000400487024836300921000000000800065500001  000000000000000000000000000000000000000000000000000000000000000000000000000000000000000800000000000000000000000000000   290921             00000000000000                                                                  000092
1021903727600017200000260206200016896                         00000000400497115279000000000000000000000000060628092126/400497100000000400497115279011021000000000800003303150  000000000000000000000000000000000000000000000000000000000000000000000000000000000000000800000000000000000000000000000   290921             00000000000000                                                                  000093
1021903727600017200000260206200016896                         00000000400498148421000000000000000000000000060628092126/400498100000000400498148421300921000000000800075604327  000000000000000000000000000000000000000000000000000000000000000000000000000000000000000800000000000000000000000000000   290921             00000000000000                                                                  000094
1021903727600017200000260206200016896                         00000000400504606372000000000000000000000000060628092126/400504600000000400504606372300921000000000800065500001  000000000000000000000000000000000000000000000000000000000000000000000000000000000000000800000000000000000000000000000   290921             00000000000000                                                                  000095
1021903727600017200000260206200016896                         00000000400525054043000000000000000000000000060628092126/400525000000000400525054043011021000000001430063300001  000000000000000000000000000000000000000000000000000000000000000000000000000000000000001430000000000000000000000000000   290921             00000000000000                                                                  000096
1021903727600017200000260206200016896                         00000000400527172884000000000000000000000000060628092126/400527100000000400527172884300921000000000800065500001  000000000000000000000000000000000000000000000000000000000000000000000000000000000000000800000000000000000000000000000   290921             00000000000000                                                                  000097
1021903727600017200000260206200016896                         00000000400538384522000000000000000000000000060628092126/400538300000000400538384522280921000000000800065500001  000000000000000000000000000000000000000000000000000000000000000000000000000000000000000800000000000000000000000000000   290921             00000000000000                                                                  000098
1021903727600017200000260206200016896                         00000000400545210157000000000000000000000000060628092126/400545200000000400545210157011021000000000800065500001  000000000000000000000000000000000000000000000000000000000000000000000000000000000000000800000000000000000000000000000   290921             00000000000000                                                                  000099
1021903727600017200000260206200016896                         00000000400555829880000000000000000000000000060628092126/400555800000000400555829880011021000000002500010403880  000000000000000000000000000000000000000000000000000000000000000000000000000000000000002500000000000000000000000000000   290921             00000000000000                                                                  000100
1021903727600017200000260206200016896                         00000000400560598161000000000000000000000000060628092126/400560500000000400560598161300921000000000800065500001  000000000000000000000000000000000000000000000000000000000000000000000000000000000000000800000000000000000000000000000   290921             00000000000000                                                                  000101
1021903727600017200000260206200016896                         00000000400613220336000000000000000000000000060628092126/400613200000000400613220336011021000000000800065500001  000000000000000000000000000000000000000000000000000000000000000000000000000000000000000800000000000000000000000000000   290921             00000000000000                                                                  000102
1021903727600017200000260206200016896                         00000000400619214575000000000000000000000000060628092126/400619200000000400619214575011021000000000800065500001  000000000000000000000000000000000000000000000000000000000000000000000000000000000000000800000000000000000000000000000   290921             00000000000000                                                                  000103
1021903727600017200000260206200016896                         00000000400629916861000000000000000000000000060628092126/400629900000000400629916861280921000000000800065500001  000000000000000000000000000000000000000000000000000000000000000000000000000000000000000800000000000000000000000000000   290921             00000000000000                                                                  000104
1021903727600017200000260206200016896                         0000000040063772937P000000000000000000000000060628092126/40063770000000040063772937P011021000000001200021200001  000000000000000000000000000000000000000000000000000000000000000000000000000000000000001200000000000000000000000000000   290921             00000000000000                                                                  000105
1021903727600017200000260206200016896                         0000000040064045506P000000000000000000000000060628092126/40064040000000040064045506P011021000000000800075604327  000000000000000000000000000000000000000000000000000000000000000000000000000000000000000800000000000000000000000000000   290921             00000000000000                                                                  000106
1021903727600017200000260206200016896                         00000000400644771349000000000000000000000000060628092126/400644700000000400644771349011021000000001500010403880  000000000000000000000000000000000000000000000000000000000000000000000000000000000000001500000000000000000000000000000   290921             00000000000000                                                                  000107
1021903727600017200000260206200016896                         0000000040065314263P000000000000000000000000060628092126/40065310000000040065314263P280921000000000800065500001  000000000000000000000000000000000000000000000000000000000000000000000000000000000000000800000000000000000000000000000   290921             00000000000000                                                                  000108
1021903727600017200000260206200016896                         00000000400657892161000000000000000000000000060628092126/400657800000000400657892161280921000000000800065500001  000000000000000000000000000000000000000000000000000000000000000000000000000000000000000800000000000000000000000000000   290921             00000000000000                                                                  000109
1021903727600017200000260206200016896                         00000000400670948915000000000000000000000000060628092126/400670900000000400670948915280921000000000800065500001  000000000000000000000000000000000000000000000000000000000000000000000000000000000000000800000000000000000000000000000   290921             00000000000000                                                                  000110
1021903727600017200000260206200016896                         00000000400672737458000000000000000000000000060628092126/400672700000000400672737458011021000000002500023702835  000000000000000000000000000000000000000000000000000000000000000000000000000000000000002500000000000000000000000000000   290921             00000000000000                                                                  000111
1021903727600017200000260206200016896                         0000000040069645564P000000000000000000000000060628092126/40069640000000040069645564P280921000000000800065500001  000000000000000000000000000000000000000000000000000000000000000000000000000000000000000800000000000000000000000000000   290921             00000000000000                                                                  000112
1021903727600017200000260206200016896                         00000000400720884018000000000000000000000000060628092126/400720800000000400720884018300921000000000800065500001  000000000000000000000000000000000000000000000000000000000000000000000000000000000000000800000000000000000000000000000   290921             00000000000000                                                                  000113
1021903727600017200000260206200016896                         00000000400741772864000000000000000000000000060628092126/400741700000000400741772864011021000000000800065500001  000000000000000000000000000000000000000000000000000000000000000000000000000000000000000800000000000000000000000000000   290921             00000000000000                                                                  000114
1021903727600017200000260206200016896                         0000000040074264794P000000000000000000000000060628092126/40074260000000040074264794P280921000000000800065500001  000000000000000000000000000000000000000000000000000000000000000000000000000000000000000800000000000000000000000000000   290921             00000000000000                                                                  000115
1021903727600017200000260206200016896                         00000000400774586349000000000000000000000000060628092126/400774500000000400774586349011021000000005000063300001  000000000000000000000000000000000000000000000000000000000000000000000000000000000000005000000000000000000000000000000   290921             00000000000000                                                                  000116
1021903727600017200000260206200016896                         00000000400789303262000000000000000000000000060628092126/400789300000000400789303262011021000000000800065500001  000000000000000000000000000000000000000000000000000000000000000000000000000000000000000800000000000000000000000000000   290921             00000000000000                                                                  000117
1021903727600017200000260206200016896                         00000000400813230034000000000000000000000000060628092126/400813200000000400813230034011021000000000800065500001  000000000000000000000000000000000000000000000000000000000000000000000000000000000000000800000000000000000000000000000   290921             00000000000000                                                                  000118
1021903727600017200000260206200016896                         00000000400873953779000000000000000000000000060628092126/400873900000000400873953779011021000000000800065500001  000000000000000000000000000000000000000000000000000000000000000000000000000000000000000800000000000000000000000000000   290921             00000000000000                                                                  000119
1021903727600017200000260206200016896                         0000000040088207284P000000000000000000000000060628092126/40088200000000040088207284P011021000000000800065500001  000000000000000000000000000000000000000000000000000000000000000000000000000000000000000800000000000000000000000000000   290921             00000000000000                                                                  000120
1021903727600017200000260206200016896                         0000000040088809148P000000000000000000000000060628092126/40088800000000040088809148P011021000000004000010404232  000000000000000000000000000000000000000000000000000000000000000000000000000000000000004000000000000000000000000000000   290921             00000000000000                                                                  000121
1021903727600017200000260206200016896                         00000000400890748313000000000000000000000000060628092126/400890700000000400890748313011021000000000800065500001  000000000000000000000000000000000000000000000000000000000000000000000000000000000000000800000000000000000000000000000   290921             00000000000000                                                                  000122
1021903727600017200000260206200016896                         00000000400896814253000000000000000000000000060628092126/400896800000000400896814253270921000000003900075601396  000000000000000000000000000000000000000000000000000000000000000000000000000000000000003900000000000000000000000000000   290921             00000000000000                                                                  000123
1021903727600017200000260206200016896                         00000000400897893599000000000000000000000000060628092126/400897800000000400897893599011021000000000810075604327  000000000000000000000000000000000000000000000000000000000000000000000000000000000000000810000000000000000000000000000   290921             00000000000000                                                                  000124
1021903727600017200000260206200016896                         00000000400919535179000000000000000000000000060628092126/400919500000000400919535179280921000000000800065500001  000000000000000000000000000000000000000000000000000000000000000000000000000000000000000800000000000000000000000000000   290921             00000000000000                                                                  000125
1021903727600017200000260206200016896                         00000000400933769670000000000000000000000000060628092126/400933700000000400933769670300921000000000800065500001  000000000000000000000000000000000000000000000000000000000000000000000000000000000000000800000000000000000000000000000   290921             00000000000000                                                                  000126
1021903727600017200000260206200016896                         00000000400937826288000000000000000000000000060628092126/400937800000000400937826288011021000000010350010400169  000000000000000000000000000000000000000000000000000000000000000000000000000000000000010350000000000000000000000000000   290921             00000000000000                                                                  000127
1021903727600017200000260206200016896                         00000000400942502482000000000000000000000000060628092126/400942500000000400942502482011021000000002500010403880  000000000000000000000000000000000000000000000000000000000000000000000000000000000000002500000000000000000000000000000   290921             00000000000000                                                                  000128
1021903727600017200000260206200016896                         00000000400948681931000000000000000000000000060628092126/400948600000000400948681931011021000000000800065500001  000000000000000000000000000000000000000000000000000000000000000000000000000000000000000800000000000000000000000000000   290921             00000000000000                                                                  000129
1021903727600017200000260206200016896                         00000000400960753190000000000000000000000000060628092126/400960700000000400960753190300921000000006150075601396  000000000000000000000000000000000000000000000000000000000000000000000000000000000000006150000000000000000000000000000   290921             00000000000000                                                                  000130
1021903727600017200000260206200016896                         00000000400966709258000000000000000000000000060628092126/400966700000000400966709258011021000000000800003301742  000000000000000000000000000000000000000000000000000000000000000000000000000000000000000800000000000000000000000000000   290921             00000000000000                                                                  000131
1021903727600017200000260206200016896                         00000000100030923432000000000000000000000000061028092126/100030900000000100030923432290721000000002660023700000  000000000000000000000000000000000000000000000000000000000000000000000000000000000000000000000000000000000000000000000                          1600000000                                                                  000132
1021903727600017200000260206200016896                         0000000020013439035P000000000000000000000000061028092126/20013430000000020013439035P290721000000000623723700000  000000000000000000000000000000000000000000000000000000000000000000000000000000000000000000000000000000000000000000000                          1600000000                                                                  000133
1021903727600017200000260206200016896                         00000000200244387362000000000000000000000000061028092126/200244300000000200244387362290721000000000191523700000  000000000000000000000000000000000000000000000000000000000000000000000000000000000000000000000000000000000000000000000                          1600000000                                                                  000134
1021903727600017200000260206200016896                         00000000200616730239000000000000000000000000061028092126/200616700000000200616730239290721000000000935723700000  000000000000000000000000000000000000000000000000000000000000000000000000000000000000000000000000000000000000000000000                          1600000000                                                                  000135
1021903727600017200000260206200016896                         00000000200630343434000000000000000000000000061028092126/200630300000000200630343434290721000000000487523700000  000000000000000000000000000000000000000000000000000000000000000000000000000000000000000000000000000000000000000000000                          1600000000                                                                  000136
1021903727600017200000260206200016896                         00000000200856015707000000000000000000000000061028092126/200856000000000200856015707290721000000000191523700000  000000000000000000000000000000000000000000000000000000000000000000000000000000000000000000000000000000000000000000000                          1600000000                                                                  000137
1021903727600017200000260206200016896                         00000000200944974994000000000000000000000000061028092126/200944900000000200944974994290721000000001359923700000  000000000000000000000000000000000000000000000000000000000000000000000000000000000000000000000000000000000000000000000                          1600000000                                                                  000138
1021903727600017200000260206200016896                         00000000400054059384000000000000000000000000061028092126/400054000000000400054059384290721000000001320023700000  000000000000000000000000000000000000000000000000000000000000000000000000000000000000000000000000000000000000000000000                          1600000000                                                                  000139
1021903727600017200000260206200016896                         00000000400070853449000000000000000000000000061028092126/400070800000000400070853449290721000000003750023700000  000000000000000000000000000000000000000000000000000000000000000000000000000000000000000000000000000000000000000000000                          1600000000                                                                  000140
1021903727600017200000260206200016896                         00000000400119564723000000000000000000000000061028092126/400119500000000400119564723290721000000002500023700000  000000000000000000000000000000000000000000000000000000000000000000000000000000000000000000000000000000000000000000000                          1600000000                                                                  000141
1021903727600017200000260206200016896                         0000000040013016186P000000000000000000000000061028092126/40013010000000040013016186P290721000000002580023700000  000000000000000000000000000000000000000000000000000000000000000000000000000000000000000000000000000000000000000000000                          1600000000                                                                  000142
1021903727600017200000260206200016896                         00000000400188766125000000000000000000000000061028092126/400188700000000400188766125290721000000000800023700000  000000000000000000000000000000000000000000000000000000000000000000000000000000000000000000000000000000000000000000000                          1600000000                                                                  000143
1021903727600017200000260206200016896                         00000000400194595804000000000000000000000000061028092126/400194500000000400194595804290721000000000800023700000  000000000000000000000000000000000000000000000000000000000000000000000000000000000000000000000000000000000000000000000                          1600000000                                                                  000144
1021903727600017200000260206200016896                         00000000400279551644000000000000000000000000061028092126/400279500000000400279551644290721000000004540023700000  000000000000000000000000000000000000000000000000000000000000000000000000000000000000000000000000000000000000000000000                          1600000000                                                                  000145
1021903727600017200000260206200016896                         00000000400362599012000000000000000000000000061028092126/400362500000000400362599012290721000000004800023700000  000000000000000000000000000000000000000000000000000000000000000000000000000000000000000000000000000000000000000000000                          1600000000                                                                  000146
1021903727600017200000260206200016896                         00000000400430581593000000000000000000000000061028092126/400430500000000400430581593290721000000000800023700000  000000000000000000000000000000000000000000000000000000000000000000000000000000000000000000000000000000000000000000000                          1600000000                                                                  000147
1021903727600017200000260206200016896                         00000000400450589140000000000000000000000000061028092126/400450500000000400450589140290721000000001320023700000  000000000000000000000000000000000000000000000000000000000000000000000000000000000000000000000000000000000000000000000                          1600000000                                                                  000148
1021903727600017200000260206200016896                         00000000400513291279000000000000000000000000061028092126/400513200000000400513291279290721000000001000023700000  000000000000000000000000000000000000000000000000000000000000000000000000000000000000000000000000000000000000000000000                          1600000000                                                                  000149
1021903727600017200000260206200016896                         0000000040054095896P000000000000000000000000061028092126/40054090000000040054095896P290721000000000800023700000  000000000000000000000000000000000000000000000000000000000000000000000000000000000000000000000000000000000000000000000                          1600000000                                                                  000150
1021903727600017200000260206200016896                         00000000400582419031000000000000000000000000061028092126/400582400000000400582419031290721000000012000023700000  000000000000000000000000000000000000000000000000000000000000000000000000000000000000000000000000000000000000000000000                          1600000000                                                                  000151
1021903727600017200000260206200016896                         00000000400648442811000000000000000000000000061028092126/400648400000000400648442811290721000000006000023700000  000000000000000000000000000000000000000000000000000000000000000000000000000000000000000000000000000000000000000000000                          1600000000                                                                  000152
1021903727600017200000260206200016896                         00000000400973675725000000000000000000000000061028092126/400973600000000400973675725290721000000000800023700000  000000000000000000000000000000000000000000000000000000000000000000000000000000000000000000000000000000000000000000000                          1600000000                                                                  000153
1021903727600017200000260206200016896                         00000000400992696962000000000000000000000000061028092126/400992600000000400992696962290721000000000800023700000  000000000000000000000000000000000000000000000000000000000000000000000000000000000000000000000000000000000000000000000                          1600000000                                                                  000154
1021903727600017200000260206200016896                         0000000060019418692P000000000000000000000000061028092126/60019410000000060019418692P290721000000001000023700000  000000000000000000000000000000000000000000000000000000000000000000000000000000000000000000000000000000000000000000000                          1600000000                                                                  000155
9201237          000007310000002035276100000776          00053000002934384000002139744000760000021397440002400000052059800000000000000000000000000000000000000000000000000000000000000000000                                                                                                                                                                              00000000000000000000000         000156
