02RETORNO01COBRANCA       00000000000005034448E-PREPAG ADMINISTRADORA DE CAR237BRADESCO       2810220160000001048                                                                                                                                                                                                                                                                          311022         000001
1021903727600017200000260206200016896                         00000000200214343298000000000000000000000000060228102226/200214300000000200214343298311022000000001585623704424  000000000008200000000000000000000000000000000000000000000000000000000000000000000000000000000000000000000000000000000                          0000000000                                                                  000002
1021903727600017200000260206200016896                         00000000400216106608000000000000000000000000060228102226/400216100000000400216106608311022000000001500023704424  000000000008200000000000000000000000000000000000000000000000000000000000000000000000000000000000000000000000000000000                          0000000000                                                                  000003
1021903727600017200000260206200016896                         00000000400242082067000000000000000000000000060228102226/400242000000000400242082067311022000000000800023704157  000000000000000000000000000000000000000000000000000000000000000000000000000000000000000000000000000000000000000000000                          0000000000                                                                  000004
1021903727600017200000260206200016896                         00000000400242960609000000000000000000000000060228102226/400242900000000400242960609311022000000004550023704159  000000000008200000000000000000000000000000000000000000000000000000000000000000000000000000000000000000000000000000000                          0000000000                                                                  000005
1021903727600017200000260206200016896                         00000000400512765218000000000000000000000000060228102226/400512700000000400512765218311022000000005000023704143  000000000008200000000000000000000000000000000000000000000000000000000000000000000000000000000000000000000000000000000                          7600000000                                                                  000006
1021903727600017200000260206200016896                         0000000040055151852P000000000000000000000000060228102226/40055150000000040055151852P311022000000150000023704428  000000000008200000000000000000000000000000000000000000000000000000000000000000000000000000000000000000000000000000000                          7600000000                                                                  000007
1021903727600017200000260206200016896                         00000000400870551653000000000000000000000000060228102226/400870500000000400870551653311022000000001000023704152  000000000008200000000000000000000000000000000000000000000000000000000000000000000000000000000000000000000000000000000                          0000000000                                                                  000008
1021903727600017200000260206200016896                         00000000400937280749000000000000000000000000060228102226/400937200000000400937280749311022000000002000023704159  000000000008200000000000000000000000000000000000000000000000000000000000000000000000000000000000000000000000000000000                          0000000000                                                                  000009
1021903727600017200000260206200016896                         00000000200819718110000000000000000000000000060628102226/200819700000000200819718110301022000000001605310400944  000000000000000000000000000000000000000000000000000000000000000000000000000000000000001605300000000000000000000000000   311022             00000000000000                                                                  000010
1021903727600017200000260206200016896                         00000000400216106608000000000000000000000000060628102226/400216100000000400216106608311022000000001500065500001  000000000000000000000000000000000000000000000000000000000000000000000000000000000000001500000000000000000000000000000   311022             00000000000000                                                                  000011
1021903727600017200000260206200016896                         00000000400242960609000000000000000000000000060628102226/400242900000000400242960609311022000000004550075604327  000000000000000000000000000000000000000000000000000000000000000000000000000000000000004550000000000000000000000000000   311022             00000000000000                                                                  000012
1021903727600017200000260206200016896                         00000000400512765218000000000000000000000000060628102226/400512700000000400512765218311022000000005000023701555  000000000000000000000000000000000000000000000000000000000000000000000000000000000000005000000000000000000000000000000   311022             00000000000000                                                                  000013
1021903727600017200000260206200016896                         00000000400870551653000000000000000000000000060628102226/400870500000000400870551653311022000000001000023700536  000000000000000000000000000000000000000000000000000000000000000000000000000000000000001000000000000000000000000000000   311022             00000000000000                                                                  000014
1021903727600017200000260206200016896                         00000000200364159134000000000000000000000000061028102226/200364100000000200364159134280822000000001360023700000  000000000000000000000000000000000000000000000000000000000000000000000000000000000000000000000000000000000000000000000                          1600000000                                                                  000015
1021903727600017200000260206200016896                         00000000200637079538000000000000000000000000061028102226/200637000000000200637079538280822000000001359923700000  000000000000000000000000000000000000000000000000000000000000000000000000000000000000000000000000000000000000000000000                          1600000000                                                                  000016
1021903727600017200000260206200016896                         00000000200940544308000000000000000000000000061028102226/200940500000000200940544308280822000000001000023700000  000000000000000000000000000000000000000000000000000000000000000000000000000000000000000000000000000000000000000000000                          1600000000                                                                  000017
1021903727600017200000260206200016896                         00000000200950992759000000000000000000000000061028102226/200950900000000200950992759280822000000000710023700000  000000000000000000000000000000000000000000000000000000000000000000000000000000000000000000000000000000000000000000000                          1600000000                                                                  000018
1021903727600017200000260206200016896                         00000000400253496904000000000000000000000000061028102226/400253400000000400253496904280822000000006890023700000  000000000000000000000000000000000000000000000000000000000000000000000000000000000000000000000000000000000000000000000                          1600000000                                                                  000019
9201237          000000880000000369499500001048          00008000001664356000000136553000050000001365530000500000011319900000000000000000000000000000000000000000000000000000000000000000000                                                                                                                                                                              00000000000000000000000         000020
