02RETORNO01COBRANCA       00000000000005034448E-PREPAG ADMINISTRADORA DE CAR237BRADESCO       2801220160000000860                                                                                                                                                                                                                                                                          310122         000001
1021903727600017200000260206200016896                         00000000200011394024000000000000000000000000060228012226/200011300000000200011394024310122000000001567523704151  000000000008200000000000000000000000000000000000000000000000000000000000000000000000000000000000000000000000000000000                          0000000000                                                                  000002
1021903727600017200000260206200016896                         00000000200307769740000000000000000000000000060228012226/200307700000000200307769740310122000000000500023704602  000000000008200000000000000000000000000000000000000000000000000000000000000000000000000000000000000000000000000000000                          7600000000                                                                  000003
1021903727600017200000260206200016896                         0000000020034643957P000000000000000000000000060228012226/20034640000000020034643957P310122000000003582123700405  000000000008200000000000000000000000000000000000000000000000000000000000000000000000000000000000000000000000000000000                          0000000000                                                                  000004
1021903727600017200000260206200016896                         00000000200702759282000000000000000000000000060228012226/200702700000000200702759282310122000000000209123704436  000000000008200000000000000000000000000000000000000000000000000000000000000000000000000000000000000000000000000000000                          0000000000                                                                  000005
1021903727600017200000260206200016896                         00000000200865984658000000000000000000000000060228012226/200865900000000200865984658310122000000000419923704400  000000000000000000000000000000000000000000000000000000000000000000000000000000000000000000000000000000000000000000000                          0000000000                                                                  000006
1021903727600017200000260206200016896                         00000000400006792525000000000000000000000000060228012226/400006700000000400006792525310122000000000800023704400  000000000008200000000000000000000000000000000000000000000000000000000000000000000000000000000000000000000000000000000                          0000000000                                                                  000007
1021903727600017200000260206200016896                         00000000400132531133000000000000000000000000060228012226/400132500000000400132531133310122000000099000023704151  000000000008200000000000000000000000000000000000000000000000000000000000000000000000000000000000000000000000000000000                          7600000000                                                                  000008
1021903727600017200000260206200016896                         00000000400266297994000000000000000000000000060228012226/400266200000000400266297994310122000000000800023704158  000000000008200000000000000000000000000000000000000000000000000000000000000000000000000000000000000000000000000000000                          0000000000                                                                  000009
1021903727600017200000260206200016896                         00000000400269247505000000000000000000000000060228012226/400269200000000400269247505310122000000006030023704154  000000000008200000000000000000000000000000000000000000000000000000000000000000000000000000000000000000000000000000000                          0000000000                                                                  000010
1021903727600017200000260206200016896                         00000000400489235753000000000000000000000000060228012226/400489200000000400489235753310122000000003000023704152  000000000008200000000000000000000000000000000000000000000000000000000000000000000000000000000000000000000000000000000                          0000000000                                                                  000011
1021903727600017200000260206200016896                         00000000400522398019000000000000000000000000060228012226/400522300000000400522398019310122000000000840023704422  000000000008200000000000000000000000000000000000000000000000000000000000000000000000000000000000000000000000000000000                          0000000000                                                                  000012
1021903727600017200000260206200016896                         00000000400534750311000000000000000000000000060228012226/400534700000000400534750311310122000000001570023704159  000000000008200000000000000000000000000000000000000000000000000000000000000000000000000000000000000000000000000000000                          0000000000                                                                  000013
1021903727600017200000260206200016896                         00000000400712659102000000000000000000000000060228012226/400712600000000400712659102310122000000000860023704452  000000000008200000000000000000000000000000000000000000000000000000000000000000000000000000000000000000000000000000000                          7600000000                                                                  000014
1021903727600017200000260206200016896                         00000000400747580398000000000000000000000000060228012226/400747500000000400747580398310122000000001750023704426  000000000008200000000000000000000000000000000000000000000000000000000000000000000000000000000000000000000000000000000                          0000000000                                                                  000015
1021903727600017200000260206200016896                         00000000400772599265000000000000000000000000060228012226/400772500000000400772599265310122000000002000023700140  000000000008200000000000000000000000000000000000000000000000000000000000000000000000000000000000000000000000000000000                          0000000000                                                                  000016
1021903727600017200000260206200016896                         00000000400828226076000000000000000000000000060228012226/400828200000000400828226076310122000000000800023702062  000000000008200000000000000000000000000000000000000000000000000000000000000000000000000000000000000000000000000000000                          0000000000                                                                  000017
1021903727600017200000260206200016896                         00000000400870760236000000000000000000000000060228012226/400870700000000400870760236310122000000003800023700153  000000000008200000000000000000000000000000000000000000000000000000000000000000000000000000000000000000000000000000000                          0000000000                                                                  000018
1021903727600017200000260206200016896                         00000000400901757018000000000000000000000000060228012226/400901700000000400901757018310122000000002000023704422  000000000008200000000000000000000000000000000000000000000000000000000000000000000000000000000000000000000000000000000                          7600000000                                                                  000019
1021903727600017200000260206200016896                         00000000400907692503000000000000000000000000060228012226/400907600000000400907692503310122000000003000023704143  000000000008200000000000000000000000000000000000000000000000000000000000000000000000000000000000000000000000000000000                          0000000000                                                                  000020
1021903727600017200000260206200016896                         0000000020053791975P000000000000000000000000060628012226/20053790000000020053791975P300122000000000702310400014  000000000000000000000000000000000000000000000000000000000000000000000000000000000000000702300000000000000000000000000   310122             00000000000000                                                                  000021
1021903727600017200000260206200016896                         00000000200702759282000000000000000000000000060628012226/200702700000000200702759282310122000000000209134100875  000000000000000000000000000000000000000000000000000000000000000000000000000000000000000209100000000000000000000000000   310122             00000000000000                                                                  000022
1021903727600017200000260206200016896                         00000000200865984658000000000000000000000000060628012226/200865900000000200865984658310122000000000419934103767  000000000000000000000000000000000000000000000000000000000000000000000000000000000000000419900000000000000000000000000   310122             00000000000000                                                                  000023
1021903727600017200000260206200016896                         00000000400132531133000000000000000000000000060628012226/400132500000000400132531133310122000000099000033600001  000000000000000000000000000000000000000000000000000000000000000000000000000000000000099000000000000000000000000000000   310122             00000000000000                                                                  000024
1021903727600017200000260206200016896                         00000000400266297994000000000000000000000000060628012226/400266200000000400266297994310122000000000800023701078  000000000000000000000000000000000000000000000000000000000000000000000000000000000000000800000000000000000000000000000   310122             00000000000000                                                                  000025
1021903727600017200000260206200016896                         00000000400269247505000000000000000000000000060628012226/400269200000000400269247505310122000000006030010400721  000000000000000000000000000000000000000000000000000000000000000000000000000000000000006030000000000000000000000000000   310122             00000000000000                                                                  000026
1021903727600017200000260206200016896                         00000000400490057419000000000000000000000000060628012226/400490000000000400490057419300122000000003500010404354  000000000000000000000000000000000000000000000000000000000000000000000000000000000000003500000000000000000000000000000   310122             00000000000000                                                                  000027
1021903727600017200000260206200016896                         00000000400522398019000000000000000000000000060628012226/400522300000000400522398019310122000000000840000103192  000000000000000000000000000000000000000000000000000000000000000000000000000000000000000840000000000000000000000000000   310122             00000000000000                                                                  000028
1021903727600017200000260206200016896                         00000000400534750311000000000000000000000000060628012226/400534700000000400534750311310122000000001570075604327  000000000000000000000000000000000000000000000000000000000000000000000000000000000000001570000000000000000000000000000   310122             00000000000000                                                                  000029
1021903727600017200000260206200016896                         00000000400712659102000000000000000000000000060628012226/400712600000000400712659102310122000000000860075604327  000000000000000000000000000000000000000000000000000000000000000000000000000000000000000860000000000000000000000000000   310122             00000000000000                                                                  000030
1021903727600017200000260206200016896                         00000000400747580398000000000000000000000000060628012226/400747500000000400747580398310122000000001750004100377  000000000000000000000000000000000000000000000000000000000000000000000000000000000000001750000000000000000000000000000   310122             00000000000000                                                                  000031
1021903727600017200000260206200016896                         00000000400772599265000000000000000000000000060628012226/400772500000000400772599265310122000000002000075604327  000000000000000000000000000000000000000000000000000000000000000000000000000000000000002000000000000000000000000000000   310122             00000000000000                                                                  000032
1021903727600017200000260206200016896                         00000000400828226076000000000000000000000000060628012226/400828200000000400828226076310122000000000800075604327  000000000000000000000000000000000000000000000000000000000000000000000000000000000000000800000000000000000000000000000   310122             00000000000000                                                                  000033
1021903727600017200000260206200016896                         00000000400870760236000000000000000000000000060628012226/400870700000000400870760236310122000000003800023705889  000000000000000000000000000000000000000000000000000000000000000000000000000000000000003800000000000000000000000000000   310122             00000000000000                                                                  000034
1021903727600017200000260206200016896                         00000000400901757018000000000000000000000000060628012226/400901700000000400901757018310122000000002000075602274  000000000000000000000000000000000000000000000000000000000000000000000000000000000000002000000000000000000000000000000   310122             00000000000000                                                                  000035
1021903727600017200000260206200016896                         00000000400907692503000000000000000000000000060628012226/400907600000000400907692503310122000000003000010400627  000000000000000000000000000000000000000000000000000000000000000000000000000000000000003000000000000000000000000000000   310122             00000000000000                                                                  000036
1021903727600017200000260206200016896                         00000000200922559829000000000000000000000000061028012226/200922500000000200922559829281121000000000049923700000  000000000000000000000000000000000000000000000000000000000000000000000000000000000000000000000000000000000000000000000                          1600000000                                                                  000037
1021903727600017200000260206200016896                         00000000400379042887000000000000000000000000061028012226/400379000000000400379042887281121000000002000023700000  000000000000000000000000000000000000000000000000000000000000000000000000000000000000000000000000000000000000000000000                          1600000000                                                                  000038
1021903727600017200000260206200016896                         00000000400675718527000000000000000000000000061028012226/400675700000000400675718527281121000000000800023700000  000000000000000000000000000000000000000000000000000000000000000000000000000000000000000000000000000000000000000000000                          1600000000                                                                  000039
9201237          000003140000001555578600000860          00019000001325286000001272813000160000012728130000300000002849900000000000000000000000000000000000000000000000000000000000000000000                                                                                                                                                                              00000000000000000000000         000040
