02RETORNO01COBRANCA       00000000000005034448E-PREPAG ADMINISTRADORA DE CAR237BRADESCO       2810210160000000797                                                                                                                                                                                                                                                                          291021         000001
1021903727600017200000260206200016896                         00000000200117253535000000000000000000000000060228102126/200117200000000200117253535311021000000000556423704422  000000000008200000000000000000000000000000000000000000000000000000000000000000000000000000000000000000000000000000000                          0000000000                                                                  000002
1021903727600017200000260206200016896                         00000000200527647204000000000000000000000000060228102126/200527600000000200527647204311021000000001419723703109  000000000008200000000000000000000000000000000000000000000000000000000000000000000000000000000000000000000000000000000                          0000000000                                                                  000003
1021903727600017200000260206200016896                         00000000200598540095000000000000000000000000060228102126/200598500000000200598540095311021000000000228823704422  000000000008200000000000000000000000000000000000000000000000000000000000000000000000000000000000000000000000000000000                          0000000000                                                                  000004
1021903727600017200000260206200016896                         00000000200739795831000000000000000000000000060228102126/200739700000000200739795831311021000000000203723704422  000000000008200000000000000000000000000000000000000000000000000000000000000000000000000000000000000000000000000000000                          0000000000                                                                  000005
1021903727600017200000260206200016896                         00000000200740438600000000000000000000000000060228102126/200740400000000200740438600311021000000000923523704151  000000000008200000000000000000000000000000000000000000000000000000000000000000000000000000000000000000000000000000000                          0000000000                                                                  000006
1021903727600017200000260206200016896                         00000000200977004516000000000000000000000000060228102126/200977000000000200977004516311021000000000119923700408  000000000008200000000000000000000000000000000000000000000000000000000000000000000000000000000000000000000000000000000                          0000000000                                                                  000007
1021903727600017200000260206200016896                         00000000400102063666000000000000000000000000060228102126/400102000000000400102063666311021000000002500023704157  000000000000000000000000000000000000000000000000000000000000000000000000000000000000000000000000000000000000000000000                          0000000000                                                                  000008
1021903727600017200000260206200016896                         00000000400107415927000000000000000000000000060228102126/400107400000000400107415927311021000000000840023702062  000000000008200000000000000000000000000000000000000000000000000000000000000000000000000000000000000000000000000000000                          0000000000                                                                  000009
1021903727600017200000260206200016896                         0000000040013100475P000000000000000000000000060228102126/40013100000000040013100475P311021000000000800023704159  000000000008200000000000000000000000000000000000000000000000000000000000000000000000000000000000000000000000000000000                          0000000000                                                                  000010
1021903727600017200000260206200016896                         00000000400137406329000000000000000000000000060228102126/400137400000000400137406329311021000000000800023704159  000000000008200000000000000000000000000000000000000000000000000000000000000000000000000000000000000000000000000000000                          0000000000                                                                  000011
1021903727600017200000260206200016896                         00000000400139159841000000000000000000000000060228102126/400139100000000400139159841311021000000003240023704422  000000000008200000000000000000000000000000000000000000000000000000000000000000000000000000000000000000000000000000000                          0000000000                                                                  000012
1021903727600017200000260206200016896                         00000000400168466117000000000000000000000000060228102126/400168400000000400168466117311021000000000800023704159  000000000008200000000000000000000000000000000000000000000000000000000000000000000000000000000000000000000000000000000                          0000000000                                                                  000013
1021903727600017200000260206200016896                         00000000400174956967000000000000000000000000060228102126/400174900000000400174956967311021000000002500023704424  000000000008200000000000000000000000000000000000000000000000000000000000000000000000000000000000000000000000000000000                          0000000000                                                                  000014
1021903727600017200000260206200016896                         00000000400196390576000000000000000000000000060228102126/400196300000000400196390576311021000000001550023704426  000000000008200000000000000000000000000000000000000000000000000000000000000000000000000000000000000000000000000000000                          0000000000                                                                  000015
1021903727600017200000260206200016896                         00000000400218178479000000000000000000000000060228102126/400218100000000400218178479311021000000000850023702062  000000000008200000000000000000000000000000000000000000000000000000000000000000000000000000000000000000000000000000000                          0000000000                                                                  000016
1021903727600017200000260206200016896                         00000000400226186731000000000000000000000000060228102126/400226100000000400226186731311021000000002500023704424  000000000008200000000000000000000000000000000000000000000000000000000000000000000000000000000000000000000000000000000                          0000000000                                                                  000017
1021903727600017200000260206200016896                         00000000400228675799000000000000000000000000060228102126/400228600000000400228675799311021000000000800023700320  000000000008200000000000000000000000000000000000000000000000000000000000000000000000000000000000000000000000000000000                          0000000000                                                                  000018
1021903727600017200000260206200016896                         00000000400239842492000000000000000000000000060228102126/400239800000000400239842492311021000000008500023704157  000000000008200000000000000000000000000000000000000000000000000000000000000000000000000000000000000000000000000000000                          0000000000                                                                  000019
1021903727600017200000260206200016896                         00000000400292586511000000000000000000000000060228102126/400292500000000400292586511311021000000000860023702062  000000000008200000000000000000000000000000000000000000000000000000000000000000000000000000000000000000000000000000000                          0000000000                                                                  000020
1021903727600017200000260206200016896                         00000000400317866271000000000000000000000000060228102126/400317800000000400317866271311021000000000800023704159  000000000008200000000000000000000000000000000000000000000000000000000000000000000000000000000000000000000000000000000                          0000000000                                                                  000021
1021903727600017200000260206200016896                         00000000400333263528000000000000000000000000060228102126/400333200000000400333263528311021000000002000023702062  000000000008200000000000000000000000000000000000000000000000000000000000000000000000000000000000000000000000000000000                          0000000000                                                                  000022
1021903727600017200000260206200016896                         0000000040034253318P000000000000000000000000060228102126/40034250000000040034253318P311021000000000800023704159  000000000008200000000000000000000000000000000000000000000000000000000000000000000000000000000000000000000000000000000                          0000000000                                                                  000023
1021903727600017200000260206200016896                         00000000400345019118000000000000000000000000060228102126/400345000000000400345019118311021000000000820023702062  000000000008200000000000000000000000000000000000000000000000000000000000000000000000000000000000000000000000000000000                          0000000000                                                                  000024
1021903727600017200000260206200016896                         00000000400362745973000000000000000000000000060228102126/400362700000000400362745973311021000000012000023704452  000000000008200000000000000000000000000000000000000000000000000000000000000000000000000000000000000000000000000000000                          7600000000                                                                  000025
1021903727600017200000260206200016896                         00000000400362889134000000000000000000000000060228102126/400362800000000400362889134311021000000000800023704159  000000000008200000000000000000000000000000000000000000000000000000000000000000000000000000000000000000000000000000000                          0000000000                                                                  000026
1021903727600017200000260206200016896                         00000000400392055904000000000000000000000000060228102126/400392000000000400392055904311021000000000800023704159  000000000008200000000000000000000000000000000000000000000000000000000000000000000000000000000000000000000000000000000                          0000000000                                                                  000027
1021903727600017200000260206200016896                         00000000400394864656000000000000000000000000060228102126/400394800000000400394864656311021000000000800023704159  000000000008200000000000000000000000000000000000000000000000000000000000000000000000000000000000000000000000000000000                          0000000000                                                                  000028
1021903727600017200000260206200016896                         00000000400396136208000000000000000000000000060228102126/400396100000000400396136208311021000000000810023702062  000000000008200000000000000000000000000000000000000000000000000000000000000000000000000000000000000000000000000000000                          0000000000                                                                  000029
1021903727600017200000260206200016896                         0000000040045701495P000000000000000000000000060228102126/40045700000000040045701495P311021000000002000023704159  000000000008200000000000000000000000000000000000000000000000000000000000000000000000000000000000000000000000000000000                          0000000000                                                                  000030
1021903727600017200000260206200016896                         00000000400473891502000000000000000000000000060228102126/400473800000000400473891502311021000000001000023704143  000000000008200000000000000000000000000000000000000000000000000000000000000000000000000000000000000000000000000000000                          0000000000                                                                  000031
1021903727600017200000260206200016896                         00000000400494230301000000000000000000000000060228102126/400494200000000400494230301311021000000000800023704159  000000000008200000000000000000000000000000000000000000000000000000000000000000000000000000000000000000000000000000000                          0000000000                                                                  000032
1021903727600017200000260206200016896                         00000000400503008951000000000000000000000000060228102126/400503000000000400503008951311021000000000800023704159  000000000008200000000000000000000000000000000000000000000000000000000000000000000000000000000000000000000000000000000                          0000000000                                                                  000033
1021903727600017200000260206200016896                         00000000400507281016000000000000000000000000060228102126/400507200000000400507281016311021000000001500023704424  000000000008200000000000000000000000000000000000000000000000000000000000000000000000000000000000000000000000000000000                          0000000000                                                                  000034
1021903727600017200000260206200016896                         00000000400509259131000000000000000000000000060228102126/400509200000000400509259131311021000000000800023704159  000000000008200000000000000000000000000000000000000000000000000000000000000000000000000000000000000000000000000000000                          0000000000                                                                  000035
1021903727600017200000260206200016896                         00000000400513723764000000000000000000000000060228102126/400513700000000400513723764311021000000000800023700320  000000000008200000000000000000000000000000000000000000000000000000000000000000000000000000000000000000000000000000000                          0000000000                                                                  000036
1021903727600017200000260206200016896                         00000000400571403710000000000000000000000000060228102126/400571400000000400571403710311021000000003000023700140  000000000008200000000000000000000000000000000000000000000000000000000000000000000000000000000000000000000000000000000                          0000000000                                                                  000037
1021903727600017200000260206200016896                         00000000400585309679000000000000000000000000060228102126/400585300000000400585309679311021000000002500023704143  000000000008200000000000000000000000000000000000000000000000000000000000000000000000000000000000000000000000000000000                          0000000000                                                                  000038
1021903727600017200000260206200016896                         00000000400657504455000000000000000000000000060228102126/400657500000000400657504455311021000000000800023704159  000000000008200000000000000000000000000000000000000000000000000000000000000000000000000000000000000000000000000000000                          0000000000                                                                  000039
1021903727600017200000260206200016896                         00000000400699112999000000000000000000000000060228102126/400699100000000400699112999311021000000012000023704159  000000000008200000000000000000000000000000000000000000000000000000000000000000000000000000000000000000000000000000000                          0000000000                                                                  000040
1021903727600017200000260206200016896                         00000000400708978503000000000000000000000000060228102126/400708900000000400708978503311021000000000830023702062  000000000008200000000000000000000000000000000000000000000000000000000000000000000000000000000000000000000000000000000                          0000000000                                                                  000041
1021903727600017200000260206200016896                         00000000400719412099000000000000000000000000060228102126/400719400000000400719412099311021000000000800023704159  000000000008200000000000000000000000000000000000000000000000000000000000000000000000000000000000000000000000000000000                          0000000000                                                                  000042
1021903727600017200000260206200016896                         00000000400721276682000000000000000000000000060228102126/400721200000000400721276682311021000000000800023700320  000000000008200000000000000000000000000000000000000000000000000000000000000000000000000000000000000000000000000000000                          0000000000                                                                  000043
1021903727600017200000260206200016896                         00000000400726464223000000000000000000000000060228102126/400726400000000400726464223311021000000000800023704159  000000000008200000000000000000000000000000000000000000000000000000000000000000000000000000000000000000000000000000000                          0000000000                                                                  000044
1021903727600017200000260206200016896                         00000000400773792263000000000000000000000000060228102126/400773700000000400773792263311021000000011000023704157  000000000008200000000000000000000000000000000000000000000000000000000000000000000000000000000000000000000000000000000                          0000000000                                                                  000045
1021903727600017200000260206200016896                         00000000400857675300000000000000000000000000060228102126/400857600000000400857675300311021000000002000023704452  000000000008200000000000000000000000000000000000000000000000000000000000000000000000000000000000000000000000000000000                          0000000000                                                                  000046
1021903727600017200000260206200016896                         00000000400861350343000000000000000000000000060228102126/400861300000000400861350343311021000000002500023700153  000000000008200000000000000000000000000000000000000000000000000000000000000000000000000000000000000000000000000000000                          0000000000                                                                  000047
1021903727600017200000260206200016896                         00000000400922288913000000000000000000000000060228102126/400922200000000400922288913311021000000001900023700389  000000000008200000000000000000000000000000000000000000000000000000000000000000000000000000000000000000000000000000000                          0000000000                                                                  000048
1021903727600017200000260206200016896                         00000000400929623998000000000000000000000000060228102126/400929600000000400929623998311021000000099000023704151  000000000008200000000000000000000000000000000000000000000000000000000000000000000000000000000000000000000000000000000                          7600000000                                                                  000049
1021903727600017200000260206200016896                         00000000400940311140000000000000000000000000060228102126/400940300000000400940311140311021000000004830023704154  000000000008200000000000000000000000000000000000000000000000000000000000000000000000000000000000000000000000000000000                          0000000000                                                                  000050
1021903727600017200000260206200016896                         0000000040095144116P000000000000000000000000060228102126/40095140000000040095144116P311021000000000800023704159  000000000008200000000000000000000000000000000000000000000000000000000000000000000000000000000000000000000000000000000                          0000000000                                                                  000051
1021903727600017200000260206200016896                         00000000400962521688000000000000000000000000060228102126/400962500000000400962521688311021000000000800023704159  000000000008200000000000000000000000000000000000000000000000000000000000000000000000000000000000000000000000000000000                          0000000000                                                                  000052
1021903727600017200000260206200016896                         0000000040099305848P000000000000000000000000060228102126/40099300000000040099305848P311021000000000800023702062  000000000008200000000000000000000000000000000000000000000000000000000000000000000000000000000000000000000000000000000                          0000000000                                                                  000053
1021903727600017200000260206200016896                         00000000200527647204000000000000000000000000060628102126/200527600000000200527647204311021000000001419700100754  000000000000000000000000000000000000000000000000000000000000000000000000000000000000001419700000000000000000000000000   291021             00000000000000                                                                  000054
1021903727600017200000260206200016896                         00000000200538966573000000000000000000000000060628102126/200538900000000200538966573301021000000000353565500001  000000000000000000000000000000000000000000000000000000000000000000000000000000000000000353500000000000000000000000000   291021             00000000000000                                                                  000055
1021903727600017200000260206200016896                         00000000200598540095000000000000000000000000060628102126/200598500000000200598540095311021000000000228823703641  000000000000000000000000000000000000000000000000000000000000000000000000000000000000000228800000000000000000000000000   291021             00000000000000                                                                  000056
1021903727600017200000260206200016896                         00000000200739795831000000000000000000000000060628102126/200739700000000200739795831311021000000000203710403880  000000000000000000000000000000000000000000000000000000000000000000000000000000000000000203700000000000000000000000000   291021             00000000000000                                                                  000057
1021903727600017200000260206200016896                         00000000200740438600000000000000000000000000060628102126/200740400000000200740438600311021000000000923534106261  000000000000000000000000000000000000000000000000000000000000000000000000000000000000000923500000000000000000000000000   291021             00000000000000                                                                  000058
1021903727600017200000260206200016896                         00000000400107415927000000000000000000000000060628102126/400107400000000400107415927311021000000000840075604327  000000000000000000000000000000000000000000000000000000000000000000000000000000000000000840000000000000000000000000000   291021             00000000000000                                                                  000059
1021903727600017200000260206200016896                         0000000040013100475P000000000000000000000000060628102126/40013100000000040013100475P311021000000000800065500001  000000000000000000000000000000000000000000000000000000000000000000000000000000000000000800000000000000000000000000000   291021             00000000000000                                                                  000060
1021903727600017200000260206200016896                         00000000400137406329000000000000000000000000060628102126/400137400000000400137406329311021000000000800065500001  000000000000000000000000000000000000000000000000000000000000000000000000000000000000000800000000000000000000000000000   291021             00000000000000                                                                  000061
1021903727600017200000260206200016896                         00000000400139159841000000000000000000000000060628102126/400139100000000400139159841311021000000003240000101070  000000000000000000000000000000000000000000000000000000000000000000000000000000000000003240000000000000000000000000000   291021             00000000000000                                                                  000062
1021903727600017200000260206200016896                         00000000400168466117000000000000000000000000060628102126/400168400000000400168466117311021000000000800065500001  000000000000000000000000000000000000000000000000000000000000000000000000000000000000000800000000000000000000000000000   291021             00000000000000                                                                  000063
1021903727600017200000260206200016896                         00000000400196390576000000000000000000000000060628102126/400196300000000400196390576311021000000001550004100377  000000000000000000000000000000000000000000000000000000000000000000000000000000000000001550000000000000000000000000000   291021             00000000000000                                                                  000064
1021903727600017200000260206200016896                         00000000400218178479000000000000000000000000060628102126/400218100000000400218178479311021000000000850075604327  000000000000000000000000000000000000000000000000000000000000000000000000000000000000000850000000000000000000000000000   291021             00000000000000                                                                  000065
1021903727600017200000260206200016896                         00000000400226186731000000000000000000000000060628102126/400226100000000400226186731311021000000002500010403880  000000000000000000000000000000000000000000000000000000000000000000000000000000000000002500000000000000000000000000000   291021             00000000000000                                                                  000066
1021903727600017200000260206200016896                         00000000400228675799000000000000000000000000060628102126/400228600000000400228675799311021000000000800023702586  000000000000000000000000000000000000000000000000000000000000000000000000000000000000000800000000000000000000000000000   291021             00000000000000                                                                  000067
1021903727600017200000260206200016896                         00000000400239842492000000000000000000000000060628102126/400239800000000400239842492311021000000008500010400389  000000000000000000000000000000000000000000000000000000000000000000000000000000000000008500000000000000000000000000000   291021             00000000000000                                                                  000068
1021903727600017200000260206200016896                         0000000040027614875P000000000000000000000000060628102126/40027610000000040027614875P301021000000003760075601396  000000000000000000000000000000000000000000000000000000000000000000000000000000000000003760000000000000000000000000000   291021             00000000000000                                                                  000069
1021903727600017200000260206200016896                         00000000400292586511000000000000000000000000060628102126/400292500000000400292586511311021000000000860075604327  000000000000000000000000000000000000000000000000000000000000000000000000000000000000000860000000000000000000000000000   291021             00000000000000                                                                  000070
1021903727600017200000260206200016896                         00000000400295547088000000000000000000000000060628102126/400295500000000400295547088291021000000000800075604327  000000000000000000000000000000000000000000000000000000000000000000000000000000000000000800000000000000000000000000000   291021             00000000000000                                                                  000071
1021903727600017200000260206200016896                         00000000400317866271000000000000000000000000060628102126/400317800000000400317866271311021000000000800065500001  000000000000000000000000000000000000000000000000000000000000000000000000000000000000000800000000000000000000000000000   291021             00000000000000                                                                  000072
1021903727600017200000260206200016896                         00000000400333263528000000000000000000000000060628102126/400333200000000400333263528311021000000002000063300001  000000000000000000000000000000000000000000000000000000000000000000000000000000000000002000000000000000000000000000000   291021             00000000000000                                                                  000073
1021903727600017200000260206200016896                         0000000040034253318P000000000000000000000000060628102126/40034250000000040034253318P311021000000000800065500001  000000000000000000000000000000000000000000000000000000000000000000000000000000000000000800000000000000000000000000000   291021             00000000000000                                                                  000074
1021903727600017200000260206200016896                         00000000400345019118000000000000000000000000060628102126/400345000000000400345019118311021000000000820075604327  000000000000000000000000000000000000000000000000000000000000000000000000000000000000000820000000000000000000000000000   291021             00000000000000                                                                  000075
1021903727600017200000260206200016896                         00000000400362745973000000000000000000000000060628102126/400362700000000400362745973311021000000012000075604327  000000000000000000000000000000000000000000000000000000000000000000000000000000000000012000000000000000000000000000000   291021             00000000000000                                                                  000076
1021903727600017200000260206200016896                         00000000400362889134000000000000000000000000060628102126/400362800000000400362889134311021000000000800065500001  000000000000000000000000000000000000000000000000000000000000000000000000000000000000000800000000000000000000000000000   291021             00000000000000                                                                  000077
1021903727600017200000260206200016896                         00000000400392055904000000000000000000000000060628102126/400392000000000400392055904311021000000000800065500001  000000000000000000000000000000000000000000000000000000000000000000000000000000000000000800000000000000000000000000000   291021             00000000000000                                                                  000078
1021903727600017200000260206200016896                         00000000400394864656000000000000000000000000060628102126/400394800000000400394864656311021000000000800065500001  000000000000000000000000000000000000000000000000000000000000000000000000000000000000000800000000000000000000000000000   291021             00000000000000                                                                  000079
1021903727600017200000260206200016896                         00000000400396136208000000000000000000000000060628102126/400396100000000400396136208311021000000000810075604327  000000000000000000000000000000000000000000000000000000000000000000000000000000000000000810000000000000000000000000000   291021             00000000000000                                                                  000080
1021903727600017200000260206200016896                         00000000400473891502000000000000000000000000060628102126/400473800000000400473891502311021000000001000010401075  000000000000000000000000000000000000000000000000000000000000000000000000000000000000001000000000000000000000000000000   291021             00000000000000                                                                  000081
1021903727600017200000260206200016896                         00000000400482729300000000000000000000000000060628102126/400482700000000400482729300301021000000002830075601396  000000000000000000000000000000000000000000000000000000000000000000000000000000000000002830000000000000000000000000000   291021             00000000000000                                                                  000082
1021903727600017200000260206200016896                         00000000400494230301000000000000000000000000060628102126/400494200000000400494230301311021000000000800065500001  000000000000000000000000000000000000000000000000000000000000000000000000000000000000000800000000000000000000000000000   291021             00000000000000                                                                  000083
1021903727600017200000260206200016896                         00000000400503008951000000000000000000000000060628102126/400503000000000400503008951311021000000000800065500001  000000000000000000000000000000000000000000000000000000000000000000000000000000000000000800000000000000000000000000000   291021             00000000000000                                                                  000084
1021903727600017200000260206200016896                         00000000400507281016000000000000000000000000060628102126/400507200000000400507281016311021000000001500010403880  000000000000000000000000000000000000000000000000000000000000000000000000000000000000001500000000000000000000000000000   291021             00000000000000                                                                  000085
1021903727600017200000260206200016896                         00000000400509259131000000000000000000000000060628102126/400509200000000400509259131311021000000000800065500001  000000000000000000000000000000000000000000000000000000000000000000000000000000000000000800000000000000000000000000000   291021             00000000000000                                                                  000086
1021903727600017200000260206200016896                         00000000400571403710000000000000000000000000060628102126/400571400000000400571403710311021000000003000075604327  000000000000000000000000000000000000000000000000000000000000000000000000000000000000003000000000000000000000000000000   291021             00000000000000                                                                  000087
1021903727600017200000260206200016896                         00000000400585309679000000000000000000000000060628102126/400585300000000400585309679311021000000002500023702835  000000000000000000000000000000000000000000000000000000000000000000000000000000000000002500000000000000000000000000000   291021             00000000000000                                                                  000088
1021903727600017200000260206200016896                         00000000400657504455000000000000000000000000060628102126/400657500000000400657504455311021000000000800065500001  000000000000000000000000000000000000000000000000000000000000000000000000000000000000000800000000000000000000000000000   291021             00000000000000                                                                  000089
1021903727600017200000260206200016896                         00000000400699112999000000000000000000000000060628102126/400699100000000400699112999311021000000012000075601098  000000000000000000000000000000000000000000000000000000000000000000000000000000000000012000000000000000000000000000000   291021             00000000000000                                                                  000090
1021903727600017200000260206200016896                         00000000400707997857000000000000000000000000060628102126/400707900000000400707997857291021000000006430075601396  000000000000000000000000000000000000000000000000000000000000000000000000000000000000006430000000000000000000000000000   291021             00000000000000                                                                  000091
1021903727600017200000260206200016896                         00000000400708978503000000000000000000000000060628102126/400708900000000400708978503311021000000000830075604327  000000000000000000000000000000000000000000000000000000000000000000000000000000000000000830000000000000000000000000000   291021             00000000000000                                                                  000092
1021903727600017200000260206200016896                         00000000400719412099000000000000000000000000060628102126/400719400000000400719412099311021000000000800065500001  000000000000000000000000000000000000000000000000000000000000000000000000000000000000000800000000000000000000000000000   291021             00000000000000                                                                  000093
1021903727600017200000260206200016896                         00000000400726464223000000000000000000000000060628102126/400726400000000400726464223311021000000000800065500001  000000000000000000000000000000000000000000000000000000000000000000000000000000000000000800000000000000000000000000000   291021             00000000000000                                                                  000094
1021903727600017200000260206200016896                         00000000400773792263000000000000000000000000060628102126/400773700000000400773792263311021000000011000010400389  000000000000000000000000000000000000000000000000000000000000000000000000000000000000011000000000000000000000000000000   291021             00000000000000                                                                  000095
1021903727600017200000260206200016896                         00000000400836917827000000000000000000000000060628102126/400836900000000400836917827281021000000001260023700332  000000000000000000000000000000000000000000000000000000000000000000000000000000000000001260000000000000000000000000000   291021             00000000000000                                                                  000096
1021903727600017200000260206200016896                         00000000400857675300000000000000000000000000060628102126/400857600000000400857675300311021000000002000065500001  000000000000000000000000000000000000000000000000000000000000000000000000000000000000002000000000000000000000000000000   291021             00000000000000                                                                  000097
1021903727600017200000260206200016896                         00000000400861350343000000000000000000000000060628102126/400861300000000400861350343311021000000002500010403880  000000000000000000000000000000000000000000000000000000000000000000000000000000000000002500000000000000000000000000000   291021             00000000000000                                                                  000098
1021903727600017200000260206200016896                         00000000400869179082000000000000000000000000060628102126/400869100000000400869179082301021000000002500010403880  000000000000000000000000000000000000000000000000000000000000000000000000000000000000002500000000000000000000000000000   291021             00000000000000                                                                  000099
1021903727600017200000260206200016896                         00000000400922288913000000000000000000000000060628102126/400922200000000400922288913311021000000001900010401557  000000000000000000000000000000000000000000000000000000000000000000000000000000000000001900000000000000000000000000000   291021             00000000000000                                                                  000100
1021903727600017200000260206200016896                         00000000400929623998000000000000000000000000060628102126/400929600000000400929623998311021000000099000033600001  000000000000000000000000000000000000000000000000000000000000000000000000000000000000099000000000000000000000000000000   291021             00000000000000                                                                  000101
1021903727600017200000260206200016896                         00000000400940311140000000000000000000000000060628102126/400940300000000400940311140311021000000004830002100054  000000000000000000000000000000000000000000000000000000000000000000000000000000000000004830000000000000000000000000000   291021             00000000000000                                                                  000102
1021903727600017200000260206200016896                         0000000040095144116P000000000000000000000000060628102126/40095140000000040095144116P311021000000000800065500001  000000000000000000000000000000000000000000000000000000000000000000000000000000000000000800000000000000000000000000000   291021             00000000000000                                                                  000103
1021903727600017200000260206200016896                         00000000400962521688000000000000000000000000060628102126/400962500000000400962521688311021000000000800075604327  000000000000000000000000000000000000000000000000000000000000000000000000000000000000000800000000000000000000000000000   291021             00000000000000                                                                  000104
1021903727600017200000260206200016896                         0000000040099305848P000000000000000000000000060628102126/40099300000000040099305848P311021000000000800075604327  000000000000000000000000000000000000000000000000000000000000000000000000000000000000000800000000000000000000000000000   291021             00000000000000                                                                  000105
1021903727600017200000260206200016896                         00000000200139327532000000000000000000000000061028102126/200139300000000200139327532280821000000000269923700000  000000000000000000000000000000000000000000000000000000000000000000000000000000000000000000000000000000000000000000000                          1600000000                                                                  000106
1021903727600017200000260206200016896                         00000000200950395343000000000000000000000000061028102126/200950300000000200950395343280821000000000500023700000  000000000000000000000000000000000000000000000000000000000000000000000000000000000000000000000000000000000000000000000                          1600000000                                                                  000107
1021903727600017200000260206200016896                         00000000400188949491000000000000000000000000061028102126/400188900000000400188949491280821000000001570023700000  000000000000000000000000000000000000000000000000000000000000000000000000000000000000000000000000000000000000000000000                          1600000000                                                                  000108
1021903727600017200000260206200016896                         00000000400720782800000000000000000000000000061028102126/400720700000000400720782800280821000000002000023700000  000000000000000000000000000000000000000000000000000000000000000000000000000000000000000000000000000000000000000000000                          1600000000                                                                  000109
1021903727600017200000260206200016896                         00000000600260163626000000000000000000000000061028102126/600260100000000600260163626280821000000000169923700000  000000000000000000000000000000000000000000000000000000000000000000000000000000000000000000000000000000000000000000000                          1600000000                                                                  000110
1021903727600017200000260206200016896                         00000000600798226776000000000000000000000000061028102126/600798200000000600798226776280821000000000269923700000  000000000000000000000000000000000000000000000000000000000000000000000000000000000000000000000000000000000000000000000                          1600000000                                                                  000111
9201237          000005170000001423279700000797          00052000002024820000002111392000520000021113920000600000004779700000000000000000000000000000000000000000000000000000000000000000000                                                                                                                                                                              00000000000000000000000         000112
