02RETORNO01COBRANCA       00000000000005034448E-PREPAG ADMINISTRADORA DE CAR237BRADESCO       2911210160000000817                                                                                                                                                                                                                                                                          301121         000001
1021903727600017200000260206200016896                         00000000100032088441000000000000000000000000060229112126/100032000000000100032088441301121000000034530823704602  000000000008200000000000000000000000000000000000000000000000000000000000000000000000000000000000000000000000000000000                          0000000000                                                                  000002
1021903727600017200000260206200016896                         00000000100032103211000000000000000000000000060229112126/100032100000000100032103211301121000000003236123704400  000000000008200000000000000000000000000000000000000000000000000000000000000000000000000000000000000000000000000000000                          0000000000                                                                  000003
1021903727600017200000260206200016896                         00000000100032104528000000000000000000000000060229112126/100032100000000100032104528301121000000001751223704144  000000000000000000000000000000000000000000000000000000000000000000000000000000000000000000000000000000000000000000000                          7600000000                                                                  000004
1021903727600017200000260206200016896                         00000000200051569730000000000000000000000000060229112126/200051500000000200051569730011221000000000710023704426  000000000008200000000000000000000000000000000000000000000000000000000000000000000000000000000000000000000000000000000                          0000000000                                                                  000005
1021903727600017200000260206200016896                         00000000200295146327000000000000000000000000060229112126/200295100000000200295146327021221000000000255523704428  000000000008200000000000000000000000000000000000000000000000000000000000000000000000000000000000000000000000000000000                          0000000000                                                                  000006
1021903727600017200000260206200016896                         00000000200349676262000000000000000000000000060229112126/200349600000000200349676262301121000000000187723704152  000000000008200000000000000000000000000000000000000000000000000000000000000000000000000000000000000000000000000000000                          0000000000                                                                  000007
1021903727600017200000260206200016896                         00000000200449069568000000000000000000000000060229112126/200449000000000200449069568021221000000000188123704452  000000000008200000000000000000000000000000000000000000000000000000000000000000000000000000000000000000000000000000000                          0000000000                                                                  000008
1021903727600017200000260206200016896                         00000000200464130168000000000000000000000000060229112126/200464100000000200464130168021221000000000221823704428  000000000008200000000000000000000000000000000000000000000000000000000000000000000000000000000000000000000000000000000                          0000000000                                                                  000009
1021903727600017200000260206200016896                         00000000200614632736000000000000000000000000060229112126/200614600000000200614632736021221000000000049923704159  000000000008200000000000000000000000000000000000000000000000000000000000000000000000000000000000000000000000000000000                          0000000000                                                                  000010
1021903727600017200000260206200016896                         0000000020080252505P000000000000000000000000060229112126/20080250000000020080252505P011221000000000205023704144  000000000008200000000000000000000000000000000000000000000000000000000000000000000000000000000000000000000000000000000                          0000000000                                                                  000011
1021903727600017200000260206200016896                         0000000020087891019P000000000000000000000000060229112126/20087890000000020087891019P021221000000000049923704159  000000000008200000000000000000000000000000000000000000000000000000000000000000000000000000000000000000000000000000000                          0000000000                                                                  000012
1021903727600017200000260206200016896                         00000000400005499425000000000000000000000000060229112126/400005400000000400005499425021221000000002000023704151  000000000008200000000000000000000000000000000000000000000000000000000000000000000000000000000000000000000000000000000                          0000000000                                                                  000013
1021903727600017200000260206200016896                         00000000400010770005000000000000000000000000060229112126/400010700000000400010770005021221000000000800023704159  000000000008200000000000000000000000000000000000000000000000000000000000000000000000000000000000000000000000000000000                          0000000000                                                                  000014
1021903727600017200000260206200016896                         0000000040009113650P000000000000000000000000060229112126/40009110000000040009113650P021221000000002300023704157  000000000008200000000000000000000000000000000000000000000000000000000000000000000000000000000000000000000000000000000                          0000000000                                                                  000015
1021903727600017200000260206200016896                         00000000400126030319000000000000000000000000060229112126/400126000000000400126030319021221000000000800023704159  000000000008200000000000000000000000000000000000000000000000000000000000000000000000000000000000000000000000000000000                          0000000000                                                                  000016
1021903727600017200000260206200016896                         00000000400127208723000000000000000000000000060229112126/400127200000000400127208723021221000000000800023704159  000000000008200000000000000000000000000000000000000000000000000000000000000000000000000000000000000000000000000000000                          0000000000                                                                  000017
1021903727600017200000260206200016896                         00000000400134788425000000000000000000000000060229112126/400134700000000400134788425021221000000000800023704159  000000000008200000000000000000000000000000000000000000000000000000000000000000000000000000000000000000000000000000000                          0000000000                                                                  000018
1021903727600017200000260206200016896                         00000000400142400819000000000000000000000000060229112126/400142400000000400142400819301121000000001090023700140  000000000008200000000000000000000000000000000000000000000000000000000000000000000000000000000000000000000000000000000                          0000000000                                                                  000019
1021903727600017200000260206200016896                         00000000400175559813000000000000000000000000060229112126/400175500000000400175559813301121000000000800023702062  000000000008200000000000000000000000000000000000000000000000000000000000000000000000000000000000000000000000000000000                          0000000000                                                                  000020
1021903727600017200000260206200016896                         00000000400180403449000000000000000000000000060229112126/400180400000000400180403449021221000000001000023700389  000000000008200000000000000000000000000000000000000000000000000000000000000000000000000000000000000000000000000000000                          0000000000                                                                  000021
1021903727600017200000260206200016896                         00000000400199381845000000000000000000000000060229112126/400199300000000400199381845011221000000001000023704159  000000000008200000000000000000000000000000000000000000000000000000000000000000000000000000000000000000000000000000000                          0000000000                                                                  000022
1021903727600017200000260206200016896                         00000000400204804504000000000000000000000000060229112126/400204800000000400204804504301121000000150000023704428  000000000008200000000000000000000000000000000000000000000000000000000000000000000000000000000000000000000000000000000                          7600000000                                                                  000023
1021903727600017200000260206200016896                         00000000400260674761000000000000000000000000060229112126/400260600000000400260674761021221000000000800023704159  000000000008200000000000000000000000000000000000000000000000000000000000000000000000000000000000000000000000000000000                          0000000000                                                                  000024
1021903727600017200000260206200016896                         0000000040026505964P000000000000000000000000060229112126/40026500000000040026505964P021221000000003100023704159  000000000008200000000000000000000000000000000000000000000000000000000000000000000000000000000000000000000000000000000                          0000000000                                                                  000025
1021903727600017200000260206200016896                         00000000400344618298000000000000000000000000060229112126/400344600000000400344618298021221000000004000023704152  000000000008200000000000000000000000000000000000000000000000000000000000000000000000000000000000000000000000000000000                          0000000000                                                                  000026
1021903727600017200000260206200016896                         00000000400348675962000000000000000000000000060229112126/400348600000000400348675962301121000000002500023704151  000000000008200000000000000000000000000000000000000000000000000000000000000000000000000000000000000000000000000000000                          0000000000                                                                  000027
1021903727600017200000260206200016896                         0000000040039068081P000000000000000000000000060229112126/40039060000000040039068081P021221000000005000023704426  000000000008200000000000000000000000000000000000000000000000000000000000000000000000000000000000000000000000000000000                          0000000000                                                                  000028
1021903727600017200000260206200016896                         00000000400393222499000000000000000000000000060229112126/400393200000000400393222499011221000000004000023700320  000000000008200000000000000000000000000000000000000000000000000000000000000000000000000000000000000000000000000000000                          0000000000                                                                  000029
1021903727600017200000260206200016896                         00000000400468843583000000000000000000000000060229112126/400468800000000400468843583021221000000000800023704159  000000000008200000000000000000000000000000000000000000000000000000000000000000000000000000000000000000000000000000000                          0000000000                                                                  000030
1021903727600017200000260206200016896                         00000000400469855453000000000000000000000000060229112126/400469800000000400469855453021221000000000800023704422  000000000008200000000000000000000000000000000000000000000000000000000000000000000000000000000000000000000000000000000                          0000000000                                                                  000031
1021903727600017200000260206200016896                         00000000400513749410000000000000000000000000060229112126/400513700000000400513749410021221000000005810023704154  000000000008200000000000000000000000000000000000000000000000000000000000000000000000000000000000000000000000000000000                          0000000000                                                                  000032
1021903727600017200000260206200016896                         00000000400558171800000000000000000000000000060229112126/400558100000000400558171800021221000000000800023700140  000000000008200000000000000000000000000000000000000000000000000000000000000000000000000000000000000000000000000000000                          0000000000                                                                  000033
1021903727600017200000260206200016896                         0000000040055852357P000000000000000000000000060229112126/40055850000000040055852357P021221000000000800023704159  000000000008200000000000000000000000000000000000000000000000000000000000000000000000000000000000000000000000000000000                          0000000000                                                                  000034
1021903727600017200000260206200016896                         00000000400560829244000000000000000000000000060229112126/400560800000000400560829244021221000000011000023704157  000000000008200000000000000000000000000000000000000000000000000000000000000000000000000000000000000000000000000000000                          0000000000                                                                  000035
1021903727600017200000260206200016896                         00000000400590523026000000000000000000000000060229112126/400590500000000400590523026021221000000002300023704157  000000000008200000000000000000000000000000000000000000000000000000000000000000000000000000000000000000000000000000000                          0000000000                                                                  000036
1021903727600017200000260206200016896                         00000000400606681948000000000000000000000000060229112126/400606600000000400606681948021221000000002350023704157  000000000008200000000000000000000000000000000000000000000000000000000000000000000000000000000000000000000000000000000                          0000000000                                                                  000037
1021903727600017200000260206200016896                         0000000040061282128P000000000000000000000000060229112126/40061280000000040061282128P021221000000000800023704159  000000000008200000000000000000000000000000000000000000000000000000000000000000000000000000000000000000000000000000000                          0000000000                                                                  000038
1021903727600017200000260206200016896                         00000000400646926366000000000000000000000000060229112126/400646900000000400646926366021221000000006730023700140  000000000008200000000000000000000000000000000000000000000000000000000000000000000000000000000000000000000000000000000                          0000000000                                                                  000039
1021903727600017200000260206200016896                         00000000400654747284000000000000000000000000060229112126/400654700000000400654747284021221000000000800023704422  000000000008200000000000000000000000000000000000000000000000000000000000000000000000000000000000000000000000000000000                          0000000000                                                                  000040
1021903727600017200000260206200016896                         00000000400660672962000000000000000000000000060229112126/400660600000000400660672962011221000000000800023704151  000000000008200000000000000000000000000000000000000000000000000000000000000000000000000000000000000000000000000000000                          0000000000                                                                  000041
1021903727600017200000260206200016896                         0000000040067314082P000000000000000000000000060229112126/40067310000000040067314082P021221000000000800023704159  000000000008200000000000000000000000000000000000000000000000000000000000000000000000000000000000000000000000000000000                          0000000000                                                                  000042
1021903727600017200000260206200016896                         00000000400679749923000000000000000000000000060229112126/400679700000000400679749923021221000000001680023700153  000000000008200000000000000000000000000000000000000000000000000000000000000000000000000000000000000000000000000000000                          0000000000                                                                  000043
1021903727600017200000260206200016896                         0000000040069216327P000000000000000000000000060229112126/40069210000000040069216327P021221000000000800023704159  000000000008200000000000000000000000000000000000000000000000000000000000000000000000000000000000000000000000000000000                          0000000000                                                                  000044
1021903727600017200000260206200016896                         00000000400699476583000000000000000000000000060229112126/400699400000000400699476583021221000000012000023704152  000000000008200000000000000000000000000000000000000000000000000000000000000000000000000000000000000000000000000000000                          0000000000                                                                  000045
1021903727600017200000260206200016896                         00000000400729926317000000000000000000000000060229112126/400729900000000400729926317021221000000000800023704159  000000000008200000000000000000000000000000000000000000000000000000000000000000000000000000000000000000000000000000000                          0000000000                                                                  000046
1021903727600017200000260206200016896                         00000000400757398075000000000000000000000000060229112126/400757300000000400757398075021221000000001500023702062  000000000008200000000000000000000000000000000000000000000000000000000000000000000000000000000000000000000000000000000                          0000000000                                                                  000047
1021903727600017200000260206200016896                         00000000400759224848000000000000000000000000060229112126/400759200000000400759224848021221000000000800023704159  000000000008200000000000000000000000000000000000000000000000000000000000000000000000000000000000000000000000000000000                          0000000000                                                                  000048
1021903727600017200000260206200016896                         00000000400776968729000000000000000000000000060229112126/400776900000000400776968729021221000000003000023704158  000000000008200000000000000000000000000000000000000000000000000000000000000000000000000000000000000000000000000000000                          0000000000                                                                  000049
1021903727600017200000260206200016896                         00000000400778784838000000000000000000000000060229112126/400778700000000400778784838021221000000000800023704422  000000000008200000000000000000000000000000000000000000000000000000000000000000000000000000000000000000000000000000000                          0000000000                                                                  000050
1021903727600017200000260206200016896                         00000000400787180872000000000000000000000000060229112126/400787100000000400787180872021221000000000800023704159  000000000008200000000000000000000000000000000000000000000000000000000000000000000000000000000000000000000000000000000                          0000000000                                                                  000051
1021903727600017200000260206200016896                         00000000400788812465000000000000000000000000060229112126/400788800000000400788812465021221000000000800023704159  000000000008200000000000000000000000000000000000000000000000000000000000000000000000000000000000000000000000000000000                          0000000000                                                                  000052
1021903727600017200000260206200016896                         00000000400824513925000000000000000000000000060229112126/400824500000000400824513925011221000000001000023704159  000000000008200000000000000000000000000000000000000000000000000000000000000000000000000000000000000000000000000000000                          0000000000                                                                  000053
1021903727600017200000260206200016896                         0000000040092573051P000000000000000000000000060229112126/40092570000000040092573051P021221000000005500023700321  000000000008200000000000000000000000000000000000000000000000000000000000000000000000000000000000000000000000000000000                          0000000000                                                                  000054
1021903727600017200000260206200016896                         00000000400935049543000000000000000000000000060229112126/400935000000000400935049543021221000000000800023704159  000000000008200000000000000000000000000000000000000000000000000000000000000000000000000000000000000000000000000000000                          0000000000                                                                  000055
1021903727600017200000260206200016896                         00000000400952664405000000000000000000000000060229112126/400952600000000400952664405021221000000000800023704422  000000000008200000000000000000000000000000000000000000000000000000000000000000000000000000000000000000000000000000000                          0000000000                                                                  000056
1021903727600017200000260206200016896                         0000000040095278821P000000000000000000000000060229112126/40095270000000040095278821P021221000000003000023704144  000000000008200000000000000000000000000000000000000000000000000000000000000000000000000000000000000000000000000000000                          0000000000                                                                  000057
1021903727600017200000260206200016896                         00000000400956634144000000000000000000000000060229112126/400956600000000400956634144021221000000000800023704422  000000000008200000000000000000000000000000000000000000000000000000000000000000000000000000000000000000000000000000000                          0000000000                                                                  000058
1021903727600017200000260206200016896                         00000000400973571229000000000000000000000000060229112126/400973500000000400973571229021221000000000800023704422  000000000008200000000000000000000000000000000000000000000000000000000000000000000000000000000000000000000000000000000                          0000000000                                                                  000059
1021903727600017200000260206200016896                         00000000600317588521000000000000000000000000060229112126/600317500000000600317588521011221000000000640023704152  000000000008200000000000000000000000000000000000000000000000000000000000000000000000000000000000000000000000000000000                          0000000000                                                                  000060
1021903727600017200000260206200016896                         00000000600480871834000000000000000000000000060229112126/600480800000000600480871834011221000000000069923704422  000000000008200000000000000000000000000000000000000000000000000000000000000000000000000000000000000000000000000000000                          0000000000                                                                  000061
1021903727600017200000260206200016896                         00000000600658141886000000000000000000000000060229112126/600658100000000600658141886011221000000000069923704422  000000000008200000000000000000000000000000000000000000000000000000000000000000000000000000000000000000000000000000000                          0000000000                                                                  000062
1021903727600017200000260206200016896                         00000000100032088441000000000000000000000000060629112126/100032000000000100032088441301121000000034530834106805  000000000000000000000000000000000000000000000000000000000000000000000000000000000000034530800000000000000000000000000   301121             00000000000000                                                                  000063
1021903727600017200000260206200016896                         00000000100032103211000000000000000000000000060629112126/100032100000000100032103211301121000000003236163300001  000000000000000000000000000000000000000000000000000000000000000000000000000000000000003236100000000000000000000000000   301121             00000000000000                                                                  000064
1021903727600017200000260206200016896                         00000000100032104528000000000000000000000000060629112126/100032100000000100032104528301121000000001751207700001  000000000000000000000000000000000000000000000000000000000000000000000000000000000000001751200000000000000000000000000   301121             00000000000000                                                                  000065
1021903727600017200000260206200016896                         00000000200449069568000000000000000000000000060629112126/200449000000000200449069568021221000000000188121200001  000000000000000000000000000000000000000000000000000000000000000000000000000000000000000188100000000000000000000000000   301121             00000000000000                                                                  000066
1021903727600017200000260206200016896                         00000000200464130168000000000000000000000000060629112126/200464100000000200464130168021221000000000221810400655  000000000000000000000000000000000000000000000000000000000000000000000000000000000000000221800000000000000000000000000   301121             00000000000000                                                                  000067
1021903727600017200000260206200016896                         0000000020080252505P000000000000000000000000060629112126/20080250000000020080252505P011221000000000205007700001  000000000000000000000000000000000000000000000000000000000000000000000000000000000000000205000000000000000000000000000   301121             00000000000000                                                                  000068
1021903727600017200000260206200016896                         0000000020087891019P000000000000000000000000060629112126/20087890000000020087891019P021221000000000049908100001  000000000000000000000000000000000000000000000000000000000000000000000000000000000000000049900000000000000000000000000   301121             00000000000000                                                                  000069
1021903727600017200000260206200016896                         00000000400142400819000000000000000000000000060629112126/400142400000000400142400819301121000000001090010403136  000000000000000000000000000000000000000000000000000000000000000000000000000000000000001090000000000000000000000000000   301121             00000000000000                                                                  000070
1021903727600017200000260206200016896                         00000000400178397342000000000000000000000000060629112126/400178300000000400178397342291121000000002910010400718  000000000000000000000000000000000000000000000000000000000000000000000000000000000000002910000000000000000000000000000   301121             00000000000000                                                                  000071
1021903727600017200000260206200016896                         00000000400199381845000000000000000000000000060629112126/400199300000000400199381845011221000000001000063300001  000000000000000000000000000000000000000000000000000000000000000000000000000000000000001000000000000000000000000000000   301121             00000000000000                                                                  000072
1021903727600017200000260206200016896                         00000000400204804504000000000000000000000000060629112126/400204800000000400204804504301121000000150000034103311  000000000000000000000000000000000000000000000000000000000000000000000000000000000000150000000000000000000000000000000   301121             00000000000000                                                                  000073
1021903727600017200000260206200016896                         0000000040026505964P000000000000000000000000060629112126/40026500000000040026505964P021221000000003100075604327  000000000000000000000000000000000000000000000000000000000000000000000000000000000000003100000000000000000000000000000   301121             00000000000000                                                                  000074
1021903727600017200000260206200016896                         00000000400344618298000000000000000000000000060629112126/400344600000000400344618298021221000000004000023701931  000000000000000000000000000000000000000000000000000000000000000000000000000000000000004000000000000000000000000000000   301121             00000000000000                                                                  000075
1021903727600017200000260206200016896                         00000000400348675962000000000000000000000000060629112126/400348600000000400348675962301121000000002500010404354  000000000000000000000000000000000000000000000000000000000000000000000000000000000000002500000000000000000000000000000   301121             00000000000000                                                                  000076
1021903727600017200000260206200016896                         0000000040039068081P000000000000000000000000060629112126/40039060000000040039068081P021221000000005000010403711  000000000000000000000000000000000000000000000000000000000000000000000000000000000000005000000000000000000000000000000   301121             00000000000000                                                                  000077
1021903727600017200000260206200016896                         00000000400393222499000000000000000000000000060629112126/400393200000000400393222499011221000000004000000101219  000000000000000000000000000000000000000000000000000000000000000000000000000000000000004000000000000000000000000000000   301121             00000000000000                                                                  000078
1021903727600017200000260206200016896                         00000000400463325894000000000000000000000000060629112126/400463300000000400463325894281121000000002080010400718  000000000000000000000000000000000000000000000000000000000000000000000000000000000000002080000000000000000000000000000   301121             00000000000000                                                                  000079
1021903727600017200000260206200016896                         00000000400469855453000000000000000000000000060629112126/400469800000000400469855453021221000000000800065500001  000000000000000000000000000000000000000000000000000000000000000000000000000000000000000800000000000000000000000000000   301121             00000000000000                                                                  000080
1021903727600017200000260206200016896                         00000000400513749410000000000000000000000000060629112126/400513700000000400513749410021221000000005810010400718  000000000000000000000000000000000000000000000000000000000000000000000000000000000000005810000000000000000000000000000   301121             00000000000000                                                                  000081
1021903727600017200000260206200016896                         00000000400558171800000000000000000000000000060629112126/400558100000000400558171800021221000000000800010403189  000000000000000000000000000000000000000000000000000000000000000000000000000000000000000800000000000000000000000000000   301121             00000000000000                                                                  000082
1021903727600017200000260206200016896                         00000000400560829244000000000000000000000000060629112126/400560800000000400560829244021221000000011000023703929  000000000000000000000000000000000000000000000000000000000000000000000000000000000000011000000000000000000000000000000   301121             00000000000000                                                                  000083
1021903727600017200000260206200016896                         00000000400602719398000000000000000000000000060629112126/400602700000000400602719398291121000000000800065500001  000000000000000000000000000000000000000000000000000000000000000000000000000000000000000800000000000000000000000000000   301121             00000000000000                                                                  000084
1021903727600017200000260206200016896                         00000000400646926366000000000000000000000000060629112126/400646900000000400646926366021221000000006730007000264  000000000000000000000000000000000000000000000000000000000000000000000000000000000000006730000000000000000000000000000   301121             00000000000000                                                                  000085
1021903727600017200000260206200016896                         00000000400654747284000000000000000000000000060629112126/400654700000000400654747284021221000000000800065500001  000000000000000000000000000000000000000000000000000000000000000000000000000000000000000800000000000000000000000000000   301121             00000000000000                                                                  000086
1021903727600017200000260206200016896                         00000000400660672962000000000000000000000000060629112126/400660600000000400660672962011221000000000800063300001  000000000000000000000000000000000000000000000000000000000000000000000000000000000000000800000000000000000000000000000   301121             00000000000000                                                                  000087
1021903727600017200000260206200016896                         00000000400679749923000000000000000000000000060629112126/400679700000000400679749923021221000000001680010401831  000000000000000000000000000000000000000000000000000000000000000000000000000000000000001680000000000000000000000000000   301121             00000000000000                                                                  000088
1021903727600017200000260206200016896                         00000000400757398075000000000000000000000000060629112126/400757300000000400757398075021221000000001500075608249  000000000000000000000000000000000000000000000000000000000000000000000000000000000000001500000000000000000000000000000   301121             00000000000000                                                                  000089
1021903727600017200000260206200016896                         00000000400776968729000000000000000000000000060629112126/400776900000000400776968729021221000000003000074800718  000000000000000000000000000000000000000000000000000000000000000000000000000000000000003000000000000000000000000000000   301121             00000000000000                                                                  000090
1021903727600017200000260206200016896                         00000000400778784838000000000000000000000000060629112126/400778700000000400778784838021221000000000800075604327  000000000000000000000000000000000000000000000000000000000000000000000000000000000000000800000000000000000000000000000   301121             00000000000000                                                                  000091
1021903727600017200000260206200016896                         0000000040092573051P000000000000000000000000060629112126/40092570000000040092573051P021221000000005500010401859  000000000000000000000000000000000000000000000000000000000000000000000000000000000000005500000000000000000000000000000   301121             00000000000000                                                                  000092
1021903727600017200000260206200016896                         00000000400952664405000000000000000000000000060629112126/400952600000000400952664405021221000000000800065500001  000000000000000000000000000000000000000000000000000000000000000000000000000000000000000800000000000000000000000000000   301121             00000000000000                                                                  000093
1021903727600017200000260206200016896                         0000000040095278821P000000000000000000000000060629112126/40095270000000040095278821P021221000000003000065500001  000000000000000000000000000000000000000000000000000000000000000000000000000000000000003000000000000000000000000000000   301121             00000000000000                                                                  000094
1021903727600017200000260206200016896                         00000000400956634144000000000000000000000000060629112126/400956600000000400956634144021221000000000800065500001  000000000000000000000000000000000000000000000000000000000000000000000000000000000000000800000000000000000000000000000   301121             00000000000000                                                                  000095
1021903727600017200000260206200016896                         00000000400973571229000000000000000000000000060629112126/400973500000000400973571229021221000000000800065500001  000000000000000000000000000000000000000000000000000000000000000000000000000000000000000800000000000000000000000000000   301121             00000000000000                                                                  000096
1021903727600017200000260206200016896                         00000000200167264031000000000000000000000000061029112126/200167200000000200167264031290921000000000119923700000  000000000000000000000000000000000000000000000000000000000000000000000000000000000000000000000000000000000000000000000                          1600000000                                                                  000097
1021903727600017200000260206200016896                         00000000200295938827000000000000000000000000061029112126/200295900000000200295938827290921000000000533423700000  000000000000000000000000000000000000000000000000000000000000000000000000000000000000000000000000000000000000000000000                          1600000000                                                                  000098
1021903727600017200000260206200016896                         0000000020036826787P000000000000000000000000061029112126/20036820000000020036826787P280921000000000960423700000  000000000000000000000000000000000000000000000000000000000000000000000000000000000000000000000000000000000000000000000                          1600000000                                                                  000099
1021903727600017200000260206200016896                         00000000200577829176000000000000000000000000061029112126/200577800000000200577829176290921000000000500023700000  000000000000000000000000000000000000000000000000000000000000000000000000000000000000000000000000000000000000000000000                          1600000000                                                                  000100
1021903727600017200000260206200016896                         00000000200581483101000000000000000000000000061029112126/200581400000000200581483101290921000000006000023700000  000000000000000000000000000000000000000000000000000000000000000000000000000000000000000000000000000000000000000000000                          1600000000                                                                  000101
1021903727600017200000260206200016896                         00000000400429559444000000000000000000000000061029112126/400429500000000400429559444280921000000004000023700000  000000000000000000000000000000000000000000000000000000000000000000000000000000000000000000000000000000000000000000000                          1600000000                                                                  000102
1021903727600017200000260206200016896                         00000000400460994345000000000000000000000000061029112126/400460900000000400460994345290921000000000800023700000  000000000000000000000000000000000000000000000000000000000000000000000000000000000000000000000000000000000000000000000                          1600000000                                                                  000103
1021903727600017200000260206200016896                         00000000400539513709000000000000000000000000061029112126/400539500000000400539513709270921000000003260023700000  000000000000000000000000000000000000000000000000000000000000000000000000000000000000000000000000000000000000000000000                          1600000000                                                                  000104
1021903727600017200000260206200016896                         00000000400590530162000000000000000000000000061029112126/400590500000000400590530162280921000000005000023700000  000000000000000000000000000000000000000000000000000000000000000000000000000000000000000000000000000000000000000000000                          1600000000                                                                  000105
1021903727600017200000260206200016896                         00000000400590659513000000000000000000000000061029112126/400590600000000400590659513270921000000002400023700000  000000000000000000000000000000000000000000000000000000000000000000000000000000000000000000000000000000000000000000000                          1600000000                                                                  000106
1021903727600017200000260206200016896                         0000000040065238480P000000000000000000000000061029112126/40065230000000040065238480P270921000000003000023700000  000000000000000000000000000000000000000000000000000000000000000000000000000000000000000000000000000000000000000000000                          1600000000                                                                  000107
1021903727600017200000260206200016896                         00000000400747361963000000000000000000000000061029112126/400747300000000400747361963280921000000002000023700000  000000000000000000000000000000000000000000000000000000000000000000000000000000000000000000000000000000000000000000000                          1600000000                                                                  000108
1021903727600017200000260206200016896                         00000000600330075169000000000000000000000000061029112126/600330000000000600330075169280921000000001500023700000  000000000000000000000000000000000000000000000000000000000000000000000000000000000000000000000000000000000000000000000                          1600000000                                                                  000109
9201237          000003680000000601999600000817          00061000002932258000002612829000340000026128290001300000030073700000000000000000000000000000000000000000000000000000000000000000000                                                                                                                                                                              00000000000000000000000         000110
