02RETORNO01COBRANCA       00000000000005034448E-PREPAG ADMINISTRADORA DE CAR237BRADESCO       2909210160000000777                                                                                                                                                                                                                                                                          300921         000001
1021903727600017200000260206200016896                         00000000100031513378000000000000000000000000060229092126/100031500000000100031513378300921000000002475223704400  000000000008200000000000000000000000000000000000000000000000000000000000000000000000000000000000000000000000000000000                          0000000000                                                                  000002
1021903727600017200000260206200016896                         00000000200202459606000000000000000000000000060229092126/200202400000000200202459606021021000000001248123704143  000000000008200000000000000000000000000000000000000000000000000000000000000000000000000000000000000000000000000000000                          0000000000                                                                  000003
1021903727600017200000260206200016896                         00000000200267295244000000000000000000000000060229092126/200267200000000200267295244021021000000000507223704151  000000000000000000000000000000000000000000000000000000000000000000000000000000000000000000000000000000000000000000000                          0000000000                                                                  000004
1021903727600017200000260206200016896                         00000000200292114726000000000000000000000000060229092126/200292100000000200292114726021021000000000210023704426  000000000008200000000000000000000000000000000000000000000000000000000000000000000000000000000000000000000000000000000                          7600000000                                                                  000005
1021903727600017200000260206200016896                         00000000200426022793000000000000000000000000060229092126/200426000000000200426022793021021000000000290923704151  000000000008200000000000000000000000000000000000000000000000000000000000000000000000000000000000000000000000000000000                          7600000000                                                                  000006
1021903727600017200000260206200016896                         00000000400045273624000000000000000000000000060229092126/400045200000000400045273624021021000000000800023704159  000000000008200000000000000000000000000000000000000000000000000000000000000000000000000000000000000000000000000000000                          0000000000                                                                  000007
1021903727600017200000260206200016896                         00000000400059495034000000000000000000000000060229092126/400059400000000400059495034021021000000002000023704151  000000000008200000000000000000000000000000000000000000000000000000000000000000000000000000000000000000000000000000000                          0000000000                                                                  000008
1021903727600017200000260206200016896                         00000000400062273050000000000000000000000000060229092126/400062200000000400062273050021021000000000800023704159  000000000008200000000000000000000000000000000000000000000000000000000000000000000000000000000000000000000000000000000                          0000000000                                                                  000009
1021903727600017200000260206200016896                         00000000400116410571000000000000000000000000060229092126/400116400000000400116410571021021000000004550023700389  000000000008200000000000000000000000000000000000000000000000000000000000000000000000000000000000000000000000000000000                          0000000000                                                                  000010
1021903727600017200000260206200016896                         00000000400137214292000000000000000000000000060229092126/400137200000000400137214292021021000000000800023704422  000000000008200000000000000000000000000000000000000000000000000000000000000000000000000000000000000000000000000000000                          0000000000                                                                  000011
1021903727600017200000260206200016896                         00000000400154540012000000000000000000000000060229092126/400154500000000400154540012021021000000003000023704159  000000000008200000000000000000000000000000000000000000000000000000000000000000000000000000000000000000000000000000000                          0000000000                                                                  000012
1021903727600017200000260206200016896                         00000000400158171445000000000000000000000000060229092126/400158100000000400158171445021021000000000800023704400  000000000008200000000000000000000000000000000000000000000000000000000000000000000000000000000000000000000000000000000                          0000000000                                                                  000013
1021903727600017200000260206200016896                         00000000400161131365000000000000000000000000060229092126/400161100000000400161131365021021000000003900023704426  000000000008200000000000000000000000000000000000000000000000000000000000000000000000000000000000000000000000000000000                          0000000000                                                                  000014
1021903727600017200000260206200016896                         00000000400170409422000000000000000000000000060229092126/400170400000000400170409422021021000000001120023704158  000000000008200000000000000000000000000000000000000000000000000000000000000000000000000000000000000000000000000000000                          0000000000                                                                  000015
1021903727600017200000260206200016896                         00000000400183450014000000000000000000000000060229092126/400183400000000400183450014021021000000002500023704452  000000000008200000000000000000000000000000000000000000000000000000000000000000000000000000000000000000000000000000000                          0000000000                                                                  000016
1021903727600017200000260206200016896                         00000000400252067619000000000000000000000000060229092126/400252000000000400252067619021021000000000800023704159  000000000008200000000000000000000000000000000000000000000000000000000000000000000000000000000000000000000000000000000                          0000000000                                                                  000017
1021903727600017200000260206200016896                         00000000400252964939000000000000000000000000060229092126/400252900000000400252964939021021000000000800023704426  000000000008200000000000000000000000000000000000000000000000000000000000000000000000000000000000000000000000000000000                          0000000000                                                                  000018
1021903727600017200000260206200016896                         00000000400255315443000000000000000000000000060229092126/400255300000000400255315443021021000000007000023704144  000000000008200000000000000000000000000000000000000000000000000000000000000000000000000000000000000000000000000000000                          0000000000                                                                  000019
1021903727600017200000260206200016896                         0000000040028862736P000000000000000000000000060229092126/40028860000000040028862736P021021000000007000023700153  000000000008200000000000000000000000000000000000000000000000000000000000000000000000000000000000000000000000000000000                          0000000000                                                                  000020
1021903727600017200000260206200016896                         00000000400291578892000000000000000000000000060229092126/400291500000000400291578892021021000000000800023700435  000000000008200000000000000000000000000000000000000000000000000000000000000000000000000000000000000000000000000000000                          0000000000                                                                  000021
1021903727600017200000260206200016896                         00000000400315590562000000000000000000000000060229092126/400315500000000400315590562021021000000003000023704424  000000000008200000000000000000000000000000000000000000000000000000000000000000000000000000000000000000000000000000000                          0000000000                                                                  000022
1021903727600017200000260206200016896                         00000000400341534689000000000000000000000000060229092126/400341500000000400341534689021021000000001500023704152  000000000008200000000000000000000000000000000000000000000000000000000000000000000000000000000000000000000000000000000                          0000000000                                                                  000023
1021903727600017200000260206200016896                         00000000400343559549000000000000000000000000060229092126/400343500000000400343559549021021000000001410023704143  000000000008200000000000000000000000000000000000000000000000000000000000000000000000000000000000000000000000000000000                          7600000000                                                                  000024
1021903727600017200000260206200016896                         00000000400348543675000000000000000000000000060229092126/400348500000000400348543675021021000000000800023704159  000000000008200000000000000000000000000000000000000000000000000000000000000000000000000000000000000000000000000000000                          0000000000                                                                  000025
1021903727600017200000260206200016896                         00000000400411358026000000000000000000000000060229092126/400411300000000400411358026021021000000050000023704151  000000000008200000000000000000000000000000000000000000000000000000000000000000000000000000000000000000000000000000000                          0000000000                                                                  000026
1021903727600017200000260206200016896                         00000000400436372597000000000000000000000000060229092126/400436300000000400436372597021021000000000800023704159  000000000008200000000000000000000000000000000000000000000000000000000000000000000000000000000000000000000000000000000                          0000000000                                                                  000027
1021903727600017200000260206200016896                         00000000400450108231000000000000000000000000060229092126/400450100000000400450108231021021000000000800023704159  000000000008200000000000000000000000000000000000000000000000000000000000000000000000000000000000000000000000000000000                          0000000000                                                                  000028
1021903727600017200000260206200016896                         00000000400482142121000000000000000000000000060229092126/400482100000000400482142121021021000000000800023704159  000000000008200000000000000000000000000000000000000000000000000000000000000000000000000000000000000000000000000000000                          0000000000                                                                  000029
1021903727600017200000260206200016896                         0000000040050535654P000000000000000000000000060229092126/40050530000000040050535654P021021000000005000023704274  000000000008200000000000000000000000000000000000000000000000000000000000000000000000000000000000000000000000000000000                          0000000000                                                                  000030
1021903727600017200000260206200016896                         00000000400520278989000000000000000000000000060229092126/400520200000000400520278989021021000000001000023702062  000000000008200000000000000000000000000000000000000000000000000000000000000000000000000000000000000000000000000000000                          0000000000                                                                  000031
1021903727600017200000260206200016896                         00000000400537937897000000000000000000000000060229092126/400537900000000400537937897021021000000000800023704151  000000000008200000000000000000000000000000000000000000000000000000000000000000000000000000000000000000000000000000000                          0000000000                                                                  000032
1021903727600017200000260206200016896                         00000000400548563492000000000000000000000000060229092126/400548500000000400548563492021021000000000800023700435  000000000008200000000000000000000000000000000000000000000000000000000000000000000000000000000000000000000000000000000                          0000000000                                                                  000033
1021903727600017200000260206200016896                         00000000400584775714000000000000000000000000060229092126/400584700000000400584775714021021000000002000023704143  000000000008200000000000000000000000000000000000000000000000000000000000000000000000000000000000000000000000000000000                          0000000000                                                                  000034
1021903727600017200000260206200016896                         00000000400611660975000000000000000000000000060229092126/400611600000000400611660975021021000000004700023704602  000000000008200000000000000000000000000000000000000000000000000000000000000000000000000000000000000000000000000000000                          0000000000                                                                  000035
1021903727600017200000260206200016896                         00000000400612821395000000000000000000000000060229092126/400612800000000400612821395021021000000002500023704424  000000000008200000000000000000000000000000000000000000000000000000000000000000000000000000000000000000000000000000000                          0000000000                                                                  000036
1021903727600017200000260206200016896                         00000000400622137018000000000000000000000000060229092126/400622100000000400622137018021021000000004000023700435  000000000008200000000000000000000000000000000000000000000000000000000000000000000000000000000000000000000000000000000                          0000000000                                                                  000037
1021903727600017200000260206200016896                         0000000040063568347P000000000000000000000000060229092126/40063560000000040063568347P021021000000002500023700153  000000000008200000000000000000000000000000000000000000000000000000000000000000000000000000000000000000000000000000000                          0000000000                                                                  000038
1021903727600017200000260206200016896                         00000000400658851612000000000000000000000000060229092126/400658800000000400658851612021021000000004000023700140  000000000008200000000000000000000000000000000000000000000000000000000000000000000000000000000000000000000000000000000                          0000000000                                                                  000039
1021903727600017200000260206200016896                         00000000400667352882000000000000000000000000060229092126/400667300000000400667352882021021000000000800023704159  000000000008200000000000000000000000000000000000000000000000000000000000000000000000000000000000000000000000000000000                          0000000000                                                                  000040
1021903727600017200000260206200016896                         00000000400671026086000000000000000000000000060229092126/400671000000000400671026086021021000000002000023704159  000000000008200000000000000000000000000000000000000000000000000000000000000000000000000000000000000000000000000000000                          0000000000                                                                  000041
1021903727600017200000260206200016896                         00000000400693646134000000000000000000000000060229092126/400693600000000400693646134021021000000001000023704422  000000000008200000000000000000000000000000000000000000000000000000000000000000000000000000000000000000000000000000000                          0000000000                                                                  000042
1021903727600017200000260206200016896                         00000000400719933994000000000000000000000000060229092126/400719900000000400719933994021021000000005110023704154  000000000008200000000000000000000000000000000000000000000000000000000000000000000000000000000000000000000000000000000                          0000000000                                                                  000043
1021903727600017200000260206200016896                         00000000400744462149000000000000000000000000060229092126/400744400000000400744462149021021000000001500023704144  000000000008200000000000000000000000000000000000000000000000000000000000000000000000000000000000000000000000000000000                          0000000000                                                                  000044
1021903727600017200000260206200016896                         00000000400770300963000000000000000000000000060229092126/400770300000000400770300963021021000000000800023704159  000000000008200000000000000000000000000000000000000000000000000000000000000000000000000000000000000000000000000000000                          0000000000                                                                  000045
1021903727600017200000260206200016896                         00000000400809491575000000000000000000000000060229092126/400809400000000400809491575021021000000000800023703109  000000000008200000000000000000000000000000000000000000000000000000000000000000000000000000000000000000000000000000000                          0000000000                                                                  000046
1021903727600017200000260206200016896                         00000000400816631668000000000000000000000000060229092126/400816600000000400816631668021021000000000800023704159  000000000008200000000000000000000000000000000000000000000000000000000000000000000000000000000000000000000000000000000                          0000000000                                                                  000047
1021903727600017200000260206200016896                         00000000400824226888000000000000000000000000060229092126/400824200000000400824226888021021000000000800023704159  000000000008200000000000000000000000000000000000000000000000000000000000000000000000000000000000000000000000000000000                          0000000000                                                                  000048
1021903727600017200000260206200016896                         00000000400832022949000000000000000000000000060229092126/400832000000000400832022949021021000000004000023700435  000000000008200000000000000000000000000000000000000000000000000000000000000000000000000000000000000000000000000000000                          0000000000                                                                  000049
1021903727600017200000260206200016896                         00000000400833160016000000000000000000000000060229092126/400833100000000400833160016021021000000000800023704159  000000000008200000000000000000000000000000000000000000000000000000000000000000000000000000000000000000000000000000000                          0000000000                                                                  000050
1021903727600017200000260206200016896                         00000000400842664604000000000000000000000000060229092126/400842600000000400842664604021021000000000800023704159  000000000008200000000000000000000000000000000000000000000000000000000000000000000000000000000000000000000000000000000                          0000000000                                                                  000051
1021903727600017200000260206200016896                         00000000400852363750000000000000000000000000060229092126/400852300000000400852363750021021000000001500023704143  000000000008200000000000000000000000000000000000000000000000000000000000000000000000000000000000000000000000000000000                          0000000000                                                                  000052
1021903727600017200000260206200016896                         00000000400863130251000000000000000000000000060229092126/400863100000000400863130251021021000000000800023704159  000000000008200000000000000000000000000000000000000000000000000000000000000000000000000000000000000000000000000000000                          0000000000                                                                  000053
1021903727600017200000260206200016896                         00000000400882790807000000000000000000000000060229092126/400882700000000400882790807021021000000000800023704159  000000000008200000000000000000000000000000000000000000000000000000000000000000000000000000000000000000000000000000000                          0000000000                                                                  000054
1021903727600017200000260206200016896                         00000000400898686457000000000000000000000000060229092126/400898600000000400898686457021021000000003000023704159  000000000008200000000000000000000000000000000000000000000000000000000000000000000000000000000000000000000000000000000                          7600000000                                                                  000055
1021903727600017200000260206200016896                         0000000040092597155P000000000000000000000000060229092126/40092590000000040092597155P021021000000000800023704452  000000000008200000000000000000000000000000000000000000000000000000000000000000000000000000000000000000000000000000000                          0000000000                                                                  000056
1021903727600017200000260206200016896                         00000000400954852330000000000000000000000000060229092126/400954800000000400954852330021021000000001500023704159  000000000008200000000000000000000000000000000000000000000000000000000000000000000000000000000000000000000000000000000                          0000000000                                                                  000057
1021903727600017200000260206200016896                         00000000400965427976000000000000000000000000060229092126/400965400000000400965427976021021000000003000023704602  000000000008200000000000000000000000000000000000000000000000000000000000000000000000000000000000000000000000000000000                          0000000000                                                                  000058
1021903727600017200000260206200016896                         00000000400984791182000000000000000000000000060229092126/400984700000000400984791182021021000000001450023704426  000000000008200000000000000000000000000000000000000000000000000000000000000000000000000000000000000000000000000000000                          0000000000                                                                  000059
1021903727600017200000260206200016896                         00000000600615127553000000000000000000000000060229092126/600615100000000600615127553021021000000001370023704159  000000000008200000000000000000000000000000000000000000000000000000000000000000000000000000000000000000000000000000000                          7600000000                                                                  000060
1021903727600017200000260206200016896                         00000000600976456055000000000000000000000000060229092126/600976400000000600976456055021021000000000169923704152  000000000008200000000000000000000000000000000000000000000000000000000000000000000000000000000000000000000000000000000                          0000000000                                                                  000061
1021903727600017200000260206200016896                         00000000200202459606000000000000000000000000060629092126/200202400000000200202459606021021000000001248110400425  000000000000000000000000000000000000000000000000000000000000000000000000000000000000001248100000000000000000000000000   300921             00000000000000                                                                  000062
1021903727600017200000260206200016896                         00000000200447868692000000000000000000000000060629092126/200447800000000200447868692300921000000001601310401500  000000000000000000000000000000000000000000000000000000000000000000000000000000000000001601300000000000000000000000000   300921             00000000000000                                                                  000063
1021903727600017200000260206200016896                         00000000400045273624000000000000000000000000060629092126/400045200000000400045273624021021000000000800065500001  000000000000000000000000000000000000000000000000000000000000000000000000000000000000000800000000000000000000000000000   300921             00000000000000                                                                  000064
1021903727600017200000260206200016896                         00000000400059495034000000000000000000000000060629092126/400059400000000400059495034021021000000002000023700012  000000000000000000000000000000000000000000000000000000000000000000000000000000000000002000000000000000000000000000000   300921             00000000000000                                                                  000065
1021903727600017200000260206200016896                         00000000400062273050000000000000000000000000060629092126/400062200000000400062273050021021000000000800065500001  000000000000000000000000000000000000000000000000000000000000000000000000000000000000000800000000000000000000000000000   300921             00000000000000                                                                  000066
1021903727600017200000260206200016896                         00000000400116410571000000000000000000000000060629092126/400116400000000400116410571021021000000004550063300001  000000000000000000000000000000000000000000000000000000000000000000000000000000000000004550000000000000000000000000000   300921             00000000000000                                                                  000067
1021903727600017200000260206200016896                         00000000400137214292000000000000000000000000060629092126/400137200000000400137214292021021000000000800075604327  000000000000000000000000000000000000000000000000000000000000000000000000000000000000000800000000000000000000000000000   300921             00000000000000                                                                  000068
1021903727600017200000260206200016896                         00000000400154540012000000000000000000000000060629092126/400154500000000400154540012021021000000003000000100922  000000000000000000000000000000000000000000000000000000000000000000000000000000000000003000000000000000000000000000000   300921             00000000000000                                                                  000069
1021903727600017200000260206200016896                         00000000400158171445000000000000000000000000060629092126/400158100000000400158171445021021000000000800010402738  000000000000000000000000000000000000000000000000000000000000000000000000000000000000000800000000000000000000000000000   300921             00000000000000                                                                  000070
1021903727600017200000260206200016896                         00000000400161131365000000000000000000000000060629092126/400161100000000400161131365021021000000003900010403711  000000000000000000000000000000000000000000000000000000000000000000000000000000000000003900000000000000000000000000000   300921             00000000000000                                                                  000071
1021903727600017200000260206200016896                         00000000400170409422000000000000000000000000060629092126/400170400000000400170409422021021000000001120000102020  000000000000000000000000000000000000000000000000000000000000000000000000000000000000001120000000000000000000000000000   300921             00000000000000                                                                  000072
1021903727600017200000260206200016896                         00000000400183450014000000000000000000000000060629092126/400183400000000400183450014021021000000002500010403880  000000000000000000000000000000000000000000000000000000000000000000000000000000000000002500000000000000000000000000000   300921             00000000000000                                                                  000073
1021903727600017200000260206200016896                         00000000400252067619000000000000000000000000060629092126/400252000000000400252067619021021000000000800065500001  000000000000000000000000000000000000000000000000000000000000000000000000000000000000000800000000000000000000000000000   300921             00000000000000                                                                  000074
1021903727600017200000260206200016896                         00000000400252964939000000000000000000000000060629092126/400252900000000400252964939021021000000000800074801443  000000000000000000000000000000000000000000000000000000000000000000000000000000000000000800000000000000000000000000000   300921             00000000000000                                                                  000075
1021903727600017200000260206200016896                         00000000400255315443000000000000000000000000060629092126/400255300000000400255315443021021000000007000010400397  000000000000000000000000000000000000000000000000000000000000000000000000000000000000007000000000000000000000000000000   300921             00000000000000                                                                  000076
1021903727600017200000260206200016896                         0000000040028862736P000000000000000000000000060629092126/40028860000000040028862736P021021000000007000023705889  000000000000000000000000000000000000000000000000000000000000000000000000000000000000007000000000000000000000000000000   300921             00000000000000                                                                  000077
1021903727600017200000260206200016896                         00000000400315590562000000000000000000000000060629092126/400315500000000400315590562021021000000003000003302271  000000000000000000000000000000000000000000000000000000000000000000000000000000000000003000000000000000000000000000000   300921             00000000000000                                                                  000078
1021903727600017200000260206200016896                         00000000400341534689000000000000000000000000060629092126/400341500000000400341534689021021000000001500010403880  000000000000000000000000000000000000000000000000000000000000000000000000000000000000001500000000000000000000000000000   300921             00000000000000                                                                  000079
1021903727600017200000260206200016896                         00000000400343559549000000000000000000000000060629092126/400343500000000400343559549021021000000001410023702151  000000000000000000000000000000000000000000000000000000000000000000000000000000000000001410000000000000000000000000000   300921             00000000000000                                                                  000080
1021903727600017200000260206200016896                         00000000400348543675000000000000000000000000060629092126/400348500000000400348543675021021000000000800065500001  000000000000000000000000000000000000000000000000000000000000000000000000000000000000000800000000000000000000000000000   300921             00000000000000                                                                  000081
1021903727600017200000260206200016896                         00000000400356439143000000000000000000000000060629092126/400356400000000400356439143300921000000005880010400422  000000000000000000000000000000000000000000000000000000000000000000000000000000000000005880000000000000000000000000000   300921             00000000000000                                                                  000082
1021903727600017200000260206200016896                         00000000400411358026000000000000000000000000060629092126/400411300000000400411358026021021000000050000000103394  000000000000000000000000000000000000000000000000000000000000000000000000000000000000050000000000000000000000000000000   300921             00000000000000                                                                  000083
1021903727600017200000260206200016896                         00000000400436372597000000000000000000000000060629092126/400436300000000400436372597021021000000000800065500001  000000000000000000000000000000000000000000000000000000000000000000000000000000000000000800000000000000000000000000000   300921             00000000000000                                                                  000084
1021903727600017200000260206200016896                         00000000400450108231000000000000000000000000060629092126/400450100000000400450108231021021000000000800065500001  000000000000000000000000000000000000000000000000000000000000000000000000000000000000000800000000000000000000000000000   300921             00000000000000                                                                  000085
1021903727600017200000260206200016896                         00000000400482142121000000000000000000000000060629092126/400482100000000400482142121021021000000000800065500001  000000000000000000000000000000000000000000000000000000000000000000000000000000000000000800000000000000000000000000000   300921             00000000000000                                                                  000086
1021903727600017200000260206200016896                         0000000040050535654P000000000000000000000000060629092126/40050530000000040050535654P021021000000005000021200001  000000000000000000000000000000000000000000000000000000000000000000000000000000000000005000000000000000000000000000000   300921             00000000000000                                                                  000087
1021903727600017200000260206200016896                         00000000400537937897000000000000000000000000060629092126/400537900000000400537937897021021000000000800063300001  000000000000000000000000000000000000000000000000000000000000000000000000000000000000000800000000000000000000000000000   300921             00000000000000                                                                  000088
1021903727600017200000260206200016896                         00000000400548563492000000000000000000000000060629092126/400548500000000400548563492021021000000000800075604327  000000000000000000000000000000000000000000000000000000000000000000000000000000000000000800000000000000000000000000000   300921             00000000000000                                                                  000089
1021903727600017200000260206200016896                         00000000400611660975000000000000000000000000060629092126/400611600000000400611660975021021000000004700000101694  000000000000000000000000000000000000000000000000000000000000000000000000000000000000004700000000000000000000000000000   300921             00000000000000                                                                  000090
1021903727600017200000260206200016896                         00000000400612821395000000000000000000000000060629092126/400612800000000400612821395021021000000002500010403880  000000000000000000000000000000000000000000000000000000000000000000000000000000000000002500000000000000000000000000000   300921             00000000000000                                                                  000091
1021903727600017200000260206200016896                         00000000400622137018000000000000000000000000060629092126/400622100000000400622137018021021000000004000034109926  000000000000000000000000000000000000000000000000000000000000000000000000000000000000004000000000000000000000000000000   300921             00000000000000                                                                  000092
1021903727600017200000260206200016896                         0000000040063568347P000000000000000000000000060629092126/40063560000000040063568347P021021000000002500010403880  000000000000000000000000000000000000000000000000000000000000000000000000000000000000002500000000000000000000000000000   300921             00000000000000                                                                  000093
1021903727600017200000260206200016896                         00000000400667352882000000000000000000000000060629092126/400667300000000400667352882021021000000000800065500001  000000000000000000000000000000000000000000000000000000000000000000000000000000000000000800000000000000000000000000000   300921             00000000000000                                                                  000094
1021903727600017200000260206200016896                         00000000400671026086000000000000000000000000060629092126/400671000000000400671026086021021000000002000075604327  000000000000000000000000000000000000000000000000000000000000000000000000000000000000002000000000000000000000000000000   300921             00000000000000                                                                  000095
1021903727600017200000260206200016896                         00000000400693646134000000000000000000000000060629092126/400693600000000400693646134021021000000001000000103192  000000000000000000000000000000000000000000000000000000000000000000000000000000000000001000000000000000000000000000000   300921             00000000000000                                                                  000096
1021903727600017200000260206200016896                         00000000400770300963000000000000000000000000060629092126/400770300000000400770300963021021000000000800065500001  000000000000000000000000000000000000000000000000000000000000000000000000000000000000000800000000000000000000000000000   300921             00000000000000                                                                  000097
1021903727600017200000260206200016896                         00000000400816631668000000000000000000000000060629092126/400816600000000400816631668021021000000000800065500001  000000000000000000000000000000000000000000000000000000000000000000000000000000000000000800000000000000000000000000000   300921             00000000000000                                                                  000098
1021903727600017200000260206200016896                         00000000400824226888000000000000000000000000060629092126/400824200000000400824226888021021000000000800065500001  000000000000000000000000000000000000000000000000000000000000000000000000000000000000000800000000000000000000000000000   300921             00000000000000                                                                  000099
1021903727600017200000260206200016896                         00000000400833160016000000000000000000000000060629092126/400833100000000400833160016021021000000000800065500001  000000000000000000000000000000000000000000000000000000000000000000000000000000000000000800000000000000000000000000000   300921             00000000000000                                                                  000100
1021903727600017200000260206200016896                         00000000400842664604000000000000000000000000060629092126/400842600000000400842664604021021000000000800065500001  000000000000000000000000000000000000000000000000000000000000000000000000000000000000000800000000000000000000000000000   300921             00000000000000                                                                  000101
1021903727600017200000260206200016896                         00000000400852363750000000000000000000000000060629092126/400852300000000400852363750021021000000001500008501071  000000000000000000000000000000000000000000000000000000000000000000000000000000000000001500000000000000000000000000000   300921             00000000000000                                                                  000102
1021903727600017200000260206200016896                         00000000400863130251000000000000000000000000060629092126/400863100000000400863130251021021000000000800065500001  000000000000000000000000000000000000000000000000000000000000000000000000000000000000000800000000000000000000000000000   300921             00000000000000                                                                  000103
1021903727600017200000260206200016896                         00000000400882790807000000000000000000000000060629092126/400882700000000400882790807021021000000000800065500001  000000000000000000000000000000000000000000000000000000000000000000000000000000000000000800000000000000000000000000000   300921             00000000000000                                                                  000104
1021903727600017200000260206200016896                         00000000400898686457000000000000000000000000060629092126/400898600000000400898686457021021000000003000003304048  000000000000000000000000000000000000000000000000000000000000000000000000000000000000003000000000000000000000000000000   300921             00000000000000                                                                  000105
1021903727600017200000260206200016896                         0000000040092597155P000000000000000000000000060629092126/40092590000000040092597155P021021000000000800010401559  000000000000000000000000000000000000000000000000000000000000000000000000000000000000000800000000000000000000000000000   300921             00000000000000                                                                  000106
1021903727600017200000260206200016896                         00000000400939802599000000000000000000000000060629092126/400939800000000400939802599011021000000005500010404354  000000000000000000000000000000000000000000000000000000000000000000000000000000000000005500000000000000000000000000000   300921             00000000000000                                                                  000107
1021903727600017200000260206200016896                         00000000400954852330000000000000000000000000060629092126/400954800000000400954852330021021000000001500010403880  000000000000000000000000000000000000000000000000000000000000000000000000000000000000001500000000000000000000000000000   300921             00000000000000                                                                  000108
1021903727600017200000260206200016896                         00000000400965427976000000000000000000000000060629092126/400965400000000400965427976021021000000003000010400709  000000000000000000000000000000000000000000000000000000000000000000000000000000000000003000000000000000000000000000000   300921             00000000000000                                                                  000109
1021903727600017200000260206200016896                         00000000400984791182000000000000000000000000060629092126/400984700000000400984791182021021000000001450004100377  000000000000000000000000000000000000000000000000000000000000000000000000000000000000001450000000000000000000000000000   300921             00000000000000                                                                  000110
1021903727600017200000260206200016896                         00000000600615127553000000000000000000000000060629092126/600615100000000600615127553021021000000001370010403018  000000000000000000000000000000000000000000000000000000000000000000000000000000000000001370000000000000000000000000000   300921             00000000000000                                                                  000111
1021903727600017200000260206200016896                         00000000600976456055000000000000000000000000060629092126/600976400000000600976456055021021000000000169923700172  000000000000000000000000000000000000000000000000000000000000000000000000000000000000000169900000000000000000000000000   300921             00000000000000                                                                  000112
1021903727600017200000260206200016896                         00000000200269064029000000000000000000000000061029092126/200269000000000200269064029300721000000000304723700000  000000000000000000000000000000000000000000000000000000000000000000000000000000000000000000000000000000000000000000000                          1600000000                                                                  000113
1021903727600017200000260206200016896                         0000000020064330988P000000000000000000000000061029092126/20064330000000020064330988P300721000000001359923700000  000000000000000000000000000000000000000000000000000000000000000000000000000000000000000000000000000000000000000000000                          1600000000                                                                  000114
1021903727600017200000260206200016896                         00000000200801446865000000000000000000000000061029092126/200801400000000200801446865300721000000000709923700000  000000000000000000000000000000000000000000000000000000000000000000000000000000000000000000000000000000000000000000000                          1600000000                                                                  000115
1021903727600017200000260206200016896                         00000000200865303561000000000000000000000000061029092126/200865300000000200865303561300721000000000356423700000  000000000000000000000000000000000000000000000000000000000000000000000000000000000000000000000000000000000000000000000                          1600000000                                                                  000116
1021903727600017200000260206200016896                         00000000200884421060000000000000000000000000061029092126/200884400000000200884421060300721000000000309823700000  000000000000000000000000000000000000000000000000000000000000000000000000000000000000000000000000000000000000000000000                          1600000000                                                                  000117
1021903727600017200000260206200016896                         00000000400057032215000000000000000000000000061029092126/400057000000000400057032215300721000000000800023700000  000000000000000000000000000000000000000000000000000000000000000000000000000000000000000000000000000000000000000000000                          1600000000                                                                  000118
1021903727600017200000260206200016896                         00000000400112670811000000000000000000000000061029092126/400112600000000400112670811300721000000000810023700000  000000000000000000000000000000000000000000000000000000000000000000000000000000000000000000000000000000000000000000000                          1600000000                                                                  000119
1021903727600017200000260206200016896                         00000000400141413887000000000000000000000000061029092126/400141400000000400141413887300721000000000810023700000  000000000000000000000000000000000000000000000000000000000000000000000000000000000000000000000000000000000000000000000                          1600000000                                                                  000120
1021903727600017200000260206200016896                         00000000400220653370000000000000000000000000061029092126/400220600000000400220653370300721000000002000023700000  000000000000000000000000000000000000000000000000000000000000000000000000000000000000000000000000000000000000000000000                          1600000000                                                                  000121
1021903727600017200000260206200016896                         00000000400232525033000000000000000000000000061029092126/400232500000000400232525033300721000000001000023700000  000000000000000000000000000000000000000000000000000000000000000000000000000000000000000000000000000000000000000000000                          1600000000                                                                  000122
1021903727600017200000260206200016896                         00000000400236868725000000000000000000000000061029092126/400236800000000400236868725300721000000002250023700000  000000000000000000000000000000000000000000000000000000000000000000000000000000000000000000000000000000000000000000000                          1600000000                                                                  000123
1021903727600017200000260206200016896                         00000000400488701475000000000000000000000000061029092126/400488700000000400488701475300721000000005000023700000  000000000000000000000000000000000000000000000000000000000000000000000000000000000000000000000000000000000000000000000                          1600000000                                                                  000124
1021903727600017200000260206200016896                         00000000400591827967000000000000000000000000061029092126/400591800000000400591827967300721000000001000023700000  000000000000000000000000000000000000000000000000000000000000000000000000000000000000000000000000000000000000000000000                          1600000000                                                                  000125
1021903727600017200000260206200016896                         0000000040060132375P000000000000000000000000061029092126/40060130000000040060132375P300721000000003500023700000  000000000000000000000000000000000000000000000000000000000000000000000000000000000000000000000000000000000000000000000                          1600000000                                                                  000126
1021903727600017200000260206200016896                         00000000400727405638000000000000000000000000061029092126/400727400000000400727405638300721000000001000023700000  000000000000000000000000000000000000000000000000000000000000000000000000000000000000000000000000000000000000000000000                          1600000000                                                                  000127
1021903727600017200000260206200016896                         00000000400818579426000000000000000000000000061029092126/400818500000000400818579426300721000000000810023700000  000000000000000000000000000000000000000000000000000000000000000000000000000000000000000000000000000000000000000000000                          1600000000                                                                  000128
1021903727600017200000260206200016896                         00000000400870631703000000000000000000000000061029092126/400870600000000400870631703300721000000000810023700000  000000000000000000000000000000000000000000000000000000000000000000000000000000000000000000000000000000000000000000000                          1600000000                                                                  000129
1021903727600017200000260206200016896                         00000000400883391124000000000000000000000000061029092126/400883300000000400883391124300721000000002500023700000  000000000000000000000000000000000000000000000000000000000000000000000000000000000000000000000000000000000000000000000                          1600000000                                                                  000130
1021903727600017200000260206200016896                         00000000400914036751000000000000000000000000061029092126/400914000000000400914036751300721000000012000023700000  000000000000000000000000000000000000000000000000000000000000000000000000000000000000000000000000000000000000000000000                          1600000000                                                                  000131
1021903727600017200000260206200016896                         00000000600303620600000000000000000000000000061029092126/600303600000000600303620600300721000000000269923700000  000000000000000000000000000000000000000000000000000000000000000000000000000000000000000000000000000000000000000000000                          1600000000                                                                  000132
1021903727600017200000260206200016896                         00000000600947977933000000000000000000000000061029092126/600947900000000600947977933300721000000001000023700000  000000000000000000000000000000000000000000000000000000000000000000000000000000000000000000000000000000000000000000000                          1600000000                                                                  000133
9201237          000007190000002006387500000777          00060000001614113000001516993000510000015169930002100000038600600000000000000000000000000000000000000000000000000000000000000000000                                                                                                                                                                              00000000000000000000000         000134
