02RETORNO01COBRANCA       00000000000005034448E-PREPAG ADMINISTRADORA DE CAR237BRADESCO       2912210160000000839                                                                                                                                                                                                                                                                          301221         000001
1021903727600017200000260206200016896                         00000000200096851984000000000000000000000000060229122126/200096800000000200096851984010122000000001000023704152  000000000008200000000000000000000000000000000000000000000000000000000000000000000000000000000000000000000000000000000                          0000000000                                                                  000002
1021903727600017200000260206200016896                         00000000200269718630000000000000000000000000060229122126/200269700000000200269718630010122000000001016523704154  000000000008200000000000000000000000000000000000000000000000000000000000000000000000000000000000000000000000000000000                          0000000000                                                                  000003
1021903727600017200000260206200016896                         00000000200386220589000000000000000000000000060229122126/200386200000000200386220589010122000000000330523704436  000000000008200000000000000000000000000000000000000000000000000000000000000000000000000000000000000000000000000000000                          0000000000                                                                  000004
1021903727600017200000260206200016896                         00000000200399902557000000000000000000000000060229122126/200399900000000200399902557010122000000000500023704152  000000000008200000000000000000000000000000000000000000000000000000000000000000000000000000000000000000000000000000000                          0000000000                                                                  000005
1021903727600017200000260206200016896                         00000000200402674781000000000000000000000000060229122126/200402600000000200402674781010122000000001000023704152  000000000008200000000000000000000000000000000000000000000000000000000000000000000000000000000000000000000000000000000                          0000000000                                                                  000006
1021903727600017200000260206200016896                         00000000200721084032000000000000000000000000060229122126/200721000000000200721084032010122000000000677723704154  000000000000000000000000000000000000000000000000000000000000000000000000000000000000000000000000000000000000000000000                          0000000000                                                                  000007
1021903727600017200000260206200016896                         00000000200768729031000000000000000000000000060229122126/200768700000000200768729031010122000000000269923700405  000000000008200000000000000000000000000000000000000000000000000000000000000000000000000000000000000000000000000000000                          0000000000                                                                  000008
1021903727600017200000260206200016896                         00000000200969903544000000000000000000000000060229122126/200969900000000200969903544010122000000001000023704152  000000000008200000000000000000000000000000000000000000000000000000000000000000000000000000000000000000000000000000000                          0000000000                                                                  000009
1021903727600017200000260206200016896                         00000000400139012662000000000000000000000000060229122126/400139000000000400139012662010122000000002500023704426  000000000008200000000000000000000000000000000000000000000000000000000000000000000000000000000000000000000000000000000                          0000000000                                                                  000010
1021903727600017200000260206200016896                         00000000400150478177000000000000000000000000060229122126/400150400000000400150478177010122000000000800023704159  000000000008200000000000000000000000000000000000000000000000000000000000000000000000000000000000000000000000000000000                          0000000000                                                                  000011
1021903727600017200000260206200016896                         00000000400186692787000000000000000000000000060229122126/400186600000000400186692787010122000000000800023704159  000000000008200000000000000000000000000000000000000000000000000000000000000000000000000000000000000000000000000000000                          0000000000                                                                  000012
1021903727600017200000260206200016896                         00000000400201265130000000000000000000000000060229122126/400201200000000400201265130010122000000000800023704159  000000000008200000000000000000000000000000000000000000000000000000000000000000000000000000000000000000000000000000000                          0000000000                                                                  000013
1021903727600017200000260206200016896                         00000000400207848804000000000000000000000000060229122126/400207800000000400207848804010122000000004000023704452  000000000008200000000000000000000000000000000000000000000000000000000000000000000000000000000000000000000000000000000                          0000000000                                                                  000014
1021903727600017200000260206200016896                         00000000400249695110000000000000000000000000060229122126/400249600000000400249695110010122000000000800023704159  000000000008200000000000000000000000000000000000000000000000000000000000000000000000000000000000000000000000000000000                          0000000000                                                                  000015
1021903727600017200000260206200016896                         00000000400313168286000000000000000000000000060229122126/400313100000000400313168286010122000000012000023704152  000000000008200000000000000000000000000000000000000000000000000000000000000000000000000000000000000000000000000000000                          0000000000                                                                  000016
1021903727600017200000260206200016896                         00000000400329564254000000000000000000000000060229122126/400329500000000400329564254010122000000000800023704159  000000000008200000000000000000000000000000000000000000000000000000000000000000000000000000000000000000000000000000000                          0000000000                                                                  000017
1021903727600017200000260206200016896                         00000000400367952632000000000000000000000000060229122126/400367900000000400367952632010122000000000800023704602  000000000008200000000000000000000000000000000000000000000000000000000000000000000000000000000000000000000000000000000                          7600000000                                                                  000018
1021903727600017200000260206200016896                         00000000400376867613000000000000000000000000060229122126/400376800000000400376867613010122000000000810023704602  000000000008200000000000000000000000000000000000000000000000000000000000000000000000000000000000000000000000000000000                          7600000000                                                                  000019
1021903727600017200000260206200016896                         00000000400383604806000000000000000000000000060229122126/400383600000000400383604806010122000000000800023704159  000000000008200000000000000000000000000000000000000000000000000000000000000000000000000000000000000000000000000000000                          0000000000                                                                  000020
1021903727600017200000260206200016896                         00000000400391700261000000000000000000000000060229122126/400391700000000400391700261010122000000000800023704159  000000000008200000000000000000000000000000000000000000000000000000000000000000000000000000000000000000000000000000000                          0000000000                                                                  000021
1021903727600017200000260206200016896                         00000000400444304657000000000000000000000000060229122126/400444300000000400444304657010122000000000800023704159  000000000008200000000000000000000000000000000000000000000000000000000000000000000000000000000000000000000000000000000                          0000000000                                                                  000022
1021903727600017200000260206200016896                         00000000400463999917000000000000000000000000060229122126/400463900000000400463999917010122000000000800023704159  000000000008200000000000000000000000000000000000000000000000000000000000000000000000000000000000000000000000000000000                          0000000000                                                                  000023
1021903727600017200000260206200016896                         00000000400481134303000000000000000000000000060229122126/400481100000000400481134303010122000000000800023704159  000000000008200000000000000000000000000000000000000000000000000000000000000000000000000000000000000000000000000000000                          0000000000                                                                  000024
1021903727600017200000260206200016896                         00000000400505825035000000000000000000000000060229122126/400505800000000400505825035010122000000000800023704159  000000000008200000000000000000000000000000000000000000000000000000000000000000000000000000000000000000000000000000000                          0000000000                                                                  000025
1021903727600017200000260206200016896                         00000000400508957536000000000000000000000000060229122126/400508900000000400508957536010122000000000800023704159  000000000008200000000000000000000000000000000000000000000000000000000000000000000000000000000000000000000000000000000                          0000000000                                                                  000026
1021903727600017200000260206200016896                         00000000400520735107000000000000000000000000060229122126/400520700000000400520735107010122000000000800023704159  000000000008200000000000000000000000000000000000000000000000000000000000000000000000000000000000000000000000000000000                          0000000000                                                                  000027
1021903727600017200000260206200016896                         00000000400601642065000000000000000000000000060229122126/400601600000000400601642065010122000000003200023704159  000000000008200000000000000000000000000000000000000000000000000000000000000000000000000000000000000000000000000000000                          0000000000                                                                  000028
1021903727600017200000260206200016896                         00000000400640833854000000000000000000000000060229122126/400640800000000400640833854010122000000000800023704159  000000000008200000000000000000000000000000000000000000000000000000000000000000000000000000000000000000000000000000000                          0000000000                                                                  000029
1021903727600017200000260206200016896                         00000000400641741368000000000000000000000000060229122126/400641700000000400641741368010122000000012000023704154  000000000008200000000000000000000000000000000000000000000000000000000000000000000000000000000000000000000000000000000                          0000000000                                                                  000030
1021903727600017200000260206200016896                         00000000400679413267000000000000000000000000060229122126/400679400000000400679413267010122000000099000023704151  000000000008200000000000000000000000000000000000000000000000000000000000000000000000000000000000000000000000000000000                          7600000000                                                                  000031
1021903727600017200000260206200016896                         00000000400705412355000000000000000000000000060229122126/400705400000000400705412355010122000000002000023704143  000000000008200000000000000000000000000000000000000000000000000000000000000000000000000000000000000000000000000000000                          0000000000                                                                  000032
1021903727600017200000260206200016896                         00000000400707575510000000000000000000000000060229122126/400707500000000400707575510010122000000000800023704159  000000000008200000000000000000000000000000000000000000000000000000000000000000000000000000000000000000000000000000000                          0000000000                                                                  000033
1021903727600017200000260206200016896                         00000000400835004100000000000000000000000000060229122126/400835000000000400835004100010122000000000800023704159  000000000008200000000000000000000000000000000000000000000000000000000000000000000000000000000000000000000000000000000                          0000000000                                                                  000034
1021903727600017200000260206200016896                         00000000400859623049000000000000000000000000060229122126/400859600000000400859623049010122000000004500023704143  000000000008200000000000000000000000000000000000000000000000000000000000000000000000000000000000000000000000000000000                          0000000000                                                                  000035
1021903727600017200000260206200016896                         0000000060015977391P000000000000000000000000060229122126/60015970000000060015977391P010122000000000740023704144  000000000000000000000000000000000000000000000000000000000000000000000000000000000000000000000000000000000000000000000                          0000000000                                                                  000036
1021903727600017200000260206200016896                         00000000200402674781000000000000000000000000060629122126/200402600000000200402674781010122000000001000010400315  000000000000000000000000000000000000000000000000000000000000000000000000000000000000001000000000000000000000000000000   301221             00000000000000                                                                  000037
1021903727600017200000260206200016896                         00000000400139012662000000000000000000000000060629122126/400139000000000400139012662010122000000002500004100377  000000000000000000000000000000000000000000000000000000000000000000000000000000000000002500000000000000000000000000000   301221             00000000000000                                                                  000038
1021903727600017200000260206200016896                         00000000400207848804000000000000000000000000060629122126/400207800000000400207848804010122000000004000010404254  000000000000000000000000000000000000000000000000000000000000000000000000000000000000004000000000000000000000000000000   301221             00000000000000                                                                  000039
1021903727600017200000260206200016896                         00000000400463999917000000000000000000000000060629122126/400463900000000400463999917010122000000000800075604327  000000000000000000000000000000000000000000000000000000000000000000000000000000000000000800000000000000000000000000000   301221             00000000000000                                                                  000040
1021903727600017200000260206200016896                         00000000400601642065000000000000000000000000060629122126/400601600000000400601642065010122000000003200075604327  000000000000000000000000000000000000000000000000000000000000000000000000000000000000003200000000000000000000000000000   301221             00000000000000                                                                  000041
1021903727600017200000260206200016896                         00000000400608058466000000000000000000000000060629122126/400608000000000400608058466311221000000060000008100001  000000000000000000000000000000000000000000000000000000000000000000000000000000000000060000000000000000000000000000000   301221             00000000000000                                                                  000042
1021903727600017200000260206200016896                         00000000400679413267000000000000000000000000060629122126/400679400000000400679413267010122000000099000026000001  000000000000000000000000000000000000000000000000000000000000000000000000000000000000099000000000000000000000000000000   301221             00000000000000                                                                  000043
1021903727600017200000260206200016896                         00000000400705412355000000000000000000000000060629122126/400705400000000400705412355010122000000002000010404692  000000000000000000000000000000000000000000000000000000000000000000000000000000000000002000000000000000000000000000000   301221             00000000000000                                                                  000044
1021903727600017200000260206200016896                         00000000400788772692000000000000000000000000060629122126/400788700000000400788772692301221000000004000063300001  000000000000000000000000000000000000000000000000000000000000000000000000000000000000004000000000000000000000000000000   301221             00000000000000                                                                  000045
1021903727600017200000260206200016896                         00000000400859623049000000000000000000000000060629122126/400859600000000400859623049010122000000004500010403646  000000000000000000000000000000000000000000000000000000000000000000000000000000000000004500000000000000000000000000000   301221             00000000000000                                                                  000046
1021903727600017200000260206200016896                         0000000060015977391P000000000000000000000000060629122126/60015970000000060015977391P010122000000000740034103892  000000000000000000000000000000000000000000000000000000000000000000000000000000000000000740000000000000000000000000000   301221             00000000000000                                                                  000047
1021903727600017200000260206200016896                         00000000200437397756000000000000000000000000061029122126/200437300000000200437397756291021000000001670123700000  000000000000000000000000000000000000000000000000000000000000000000000000000000000000000000000000000000000000000000000                          1600000000                                                                  000048
1021903727600017200000260206200016896                         0000000020049417402P000000000000000000000000061029122126/20049410000000020049417402P291021000000000202823700000  000000000000000000000000000000000000000000000000000000000000000000000000000000000000000000000000000000000000000000000                          1600000000                                                                  000049
1021903727600017200000260206200016896                         0000000020092949952P000000000000000000000000061029122126/20092940000000020092949952P291021000000002769523700000  000000000000000000000000000000000000000000000000000000000000000000000000000000000000000000000000000000000000000000000                          1600000000                                                                  000050
1021903727600017200000260206200016896                         00000000600014686229000000000000000000000000061029122126/600014600000000600014686229291021000000000710023700000  000000000000000000000000000000000000000000000000000000000000000000000000000000000000000000000000000000000000000000000                          1600000000                                                                  000051
9201237          000003500000001071915400000839          00035000001601446000001817400000110000018174000000400000005352400000000000000000000000000000000000000000000000000000000000000000000                                                                                                                                                                              00000000000000000000000         000052
