02RETORNO01COBRANCA       00000000000005034448E-PREPAG ADMINISTRADORA DE CAR237BRADESCO       2907220160000000985                                                                                                                                                                                                                                                                          010822         000001
1021903727600017200000260206200016896                         00000000200146078513000000000000000000000000060229072226/200146000000000200146078513010822000000000502023704151  000000000008200000000000000000000000000000000000000000000000000000000000000000000000000000000000000000000000000000000                          0000000000                                                                  000002
1021903727600017200000260206200016896                         00000000200161111136000000000000000000000000060229072226/200161100000000200161111136010822000000000900023704151  000000000008200000000000000000000000000000000000000000000000000000000000000000000000000000000000000000000000000000000                          0000000000                                                                  000003
1021903727600017200000260206200016896                         00000000200280605023000000000000000000000000060229072226/200280600000000200280605023010822000000000933123704428  000000000008200000000000000000000000000000000000000000000000000000000000000000000000000000000000000000000000000000000                          0000000000                                                                  000004
1021903727600017200000260206200016896                         0000000020084047650P000000000000000000000000060229072226/20084040000000020084047650P010822000000000933123704154  000000000008200000000000000000000000000000000000000000000000000000000000000000000000000000000000000000000000000000000                          0000000000                                                                  000005
1021903727600017200000260206200016896                         00000000200909613326000000000000000000000000060229072226/200909600000000200909613326010822000000000933123704154  000000000008200000000000000000000000000000000000000000000000000000000000000000000000000000000000000000000000000000000                          0000000000                                                                  000006
1021903727600017200000260206200016896                         00000000200971349015000000000000000000000000060229072226/200971300000000200971349015010822000000000319923704151  000000000008200000000000000000000000000000000000000000000000000000000000000000000000000000000000000000000000000000000                          0000000000                                                                  000007
1021903727600017200000260206200016896                         00000000400227910689000000000000000000000000060229072226/400227900000000400227910689010822000000001650023704159  000000000008200000000000000000000000000000000000000000000000000000000000000000000000000000000000000000000000000000000                          0000000000                                                                  000008
1021903727600017200000260206200016896                         00000000400238791541000000000000000000000000060229072226/400238700000000400238791541010822000000007500023704157  000000000008200000000000000000000000000000000000000000000000000000000000000000000000000000000000000000000000000000000                          0000000000                                                                  000009
1021903727600017200000260206200016896                         00000000400439626166000000000000000000000000060229072226/400439600000000400439626166010822000000010000023704157  000000000008200000000000000000000000000000000000000000000000000000000000000000000000000000000000000000000000000000000                          0000000000                                                                  000010
1021903727600017200000260206200016896                         00000000400466934409000000000000000000000000060229072226/400466900000000400466934409010822000000002000023700140  000000000008200000000000000000000000000000000000000000000000000000000000000000000000000000000000000000000000000000000                          0000000000                                                                  000011
1021903727600017200000260206200016896                         00000000400490098506000000000000000000000000060229072226/400490000000000400490098506010822000000000800023702062  000000000008200000000000000000000000000000000000000000000000000000000000000000000000000000000000000000000000000000000                          0000000000                                                                  000012
1021903727600017200000260206200016896                         00000000400563272623000000000000000000000000060229072226/400563200000000400563272623010822000000003990023704154  000000000008200000000000000000000000000000000000000000000000000000000000000000000000000000000000000000000000000000000                          0000000000                                                                  000013
1021903727600017200000260206200016896                         00000000400618318466000000000000000000000000060229072226/400618300000000400618318466010822000000008680023704143  000000000008200000000000000000000000000000000000000000000000000000000000000000000000000000000000000000000000000000000                          7600000000                                                                  000014
1021903727600017200000260206200016896                         00000000400636801654000000000000000000000000060229072226/400636800000000400636801654010822000000099000023704151  000000000008200000000000000000000000000000000000000000000000000000000000000000000000000000000000000000000000000000000                          7600000000                                                                  000015
1021903727600017200000260206200016896                         0000000040075861233P000000000000000000000000060229072226/40075860000000040075861233P010822000000001000023704424  000000000008200000000000000000000000000000000000000000000000000000000000000000000000000000000000000000000000000000000                          0000000000                                                                  000016
1021903727600017200000260206200016896                         00000000400780455302000000000000000000000000060229072226/400780400000000400780455302010822000000000820023702062  000000000008200000000000000000000000000000000000000000000000000000000000000000000000000000000000000000000000000000000                          0000000000                                                                  000017
1021903727600017200000260206200016896                         00000000400912214679000000000000000000000000060229072226/400912200000000400912214679010822000000000800023704159  000000000008200000000000000000000000000000000000000000000000000000000000000000000000000000000000000000000000000000000                          0000000000                                                                  000018
1021903727600017200000260206200016896                         0000000040095178041P000000000000000000000000060229072226/40095170000000040095178041P010822000000000810023702062  000000000008200000000000000000000000000000000000000000000000000000000000000000000000000000000000000000000000000000000                          0000000000                                                                  000019
1021903727600017200000260206200016896                         00000000600282075690000000000000000000000000060229072226/600282000000000600282075690010822000000001000023704151  000000000008200000000000000000000000000000000000000000000000000000000000000000000000000000000000000000000000000000000                          0000000000                                                                  000020
1021903727600017200000260206200016896                         0000000020084047650P000000000000000000000000060629072226/20084040000000020084047650P010822000000000933110404483  000000000000000000000000000000000000000000000000000000000000000000000000000000000000000933100000000000000000000000000   010822             00000000000000                                                                  000021
1021903727600017200000260206200016896                         00000000200909613326000000000000000000000000060629072226/200909600000000200909613326010822000000000933110404483  000000000000000000000000000000000000000000000000000000000000000000000000000000000000000933100000000000000000000000000   010822             00000000000000                                                                  000022
1021903727600017200000260206200016896                         00000000400227910689000000000000000000000000060629072226/400227900000000400227910689010822000000001650065500001  000000000000000000000000000000000000000000000000000000000000000000000000000000000000001650000000000000000000000000000   010822             00000000000000                                                                  000023
1021903727600017200000260206200016896                         00000000400238791541000000000000000000000000060629072226/400238700000000400238791541010822000000007500023700424  000000000000000000000000000000000000000000000000000000000000000000000000000000000000007500000000000000000000000000000   010822             00000000000000                                                                  000024
1021903727600017200000260206200016896                         00000000400439626166000000000000000000000000060629072226/400439600000000400439626166010822000000010000023703929  000000000000000000000000000000000000000000000000000000000000000000000000000000000000010000000000000000000000000000000   010822             00000000000000                                                                  000025
1021903727600017200000260206200016896                         00000000400466934409000000000000000000000000060629072226/400466900000000400466934409010822000000002000065500001  000000000000000000000000000000000000000000000000000000000000000000000000000000000000002000000000000000000000000000000   010822             00000000000000                                                                  000026
1021903727600017200000260206200016896                         00000000400490098506000000000000000000000000060629072226/400490000000000400490098506010822000000000800075604327  000000000000000000000000000000000000000000000000000000000000000000000000000000000000000800000000000000000000000000000   010822             00000000000000                                                                  000027
1021903727600017200000260206200016896                         00000000400618318466000000000000000000000000060629072226/400618300000000400618318466010822000000008680010403850  000000000000000000000000000000000000000000000000000000000000000000000000000000000000008680000000000000000000000000000   010822             00000000000000                                                                  000028
1021903727600017200000260206200016896                         00000000400636801654000000000000000000000000060629072226/400636800000000400636801654010822000000099000032300001  000000000000000000000000000000000000000000000000000000000000000000000000000000000000099000000000000000000000000000000   010822             00000000000000                                                                  000029
1021903727600017200000260206200016896                         00000000400780455302000000000000000000000000060629072226/400780400000000400780455302010822000000000820075604327  000000000000000000000000000000000000000000000000000000000000000000000000000000000000000820000000000000000000000000000   010822             00000000000000                                                                  000030
1021903727600017200000260206200016896                         0000000040095178041P000000000000000000000000060629072226/40095170000000040095178041P010822000000000810075604327  000000000000000000000000000000000000000000000000000000000000000000000000000000000000000810000000000000000000000000000   010822             00000000000000                                                                  000031
1021903727600017200000260206200016896                         00000000200954656745000000000000000000000000061029072226/200954600000000200954656745290522000000000119923700000  000000000000000000000000000000000000000000000000000000000000000000000000000000000000000000000000000000000000000000000                          1600000000                                                                  000032
1021903727600017200000260206200016896                         0000000060014726484P000000000000000000000000061029072226/60014720000000060014726484P290522000000001000023700000  000000000000000000000000000000000000000000000000000000000000000000000000000000000000000000000000000000000000000000000                          1600000000                                                                  000033
9201237          000001670000000521398400000985          00019000001425712000001331262000110000013312620000200000001119900000000000000000000000000000000000000000000000000000000000000000000                                                                                                                                                                              00000000000000000000000         000034
