02RETORNO01COBRANCA       00000000000005034448E-PREPAG ADMINISTRADORA DE CAR237BRADESCO       3012210160000000840                                                                                                                                                                                                                                                                          030122         000001
1021903727600017200000260206200016896                         00000000200240158482000000000000000000000000060230122126/200240100000000200240158482020122000000000269923704424  000000000008200000000000000000000000000000000000000000000000000000000000000000000000000000000000000000000000000000000                          0000000000                                                                  000002
1021903727600017200000260206200016896                         00000000200620741466000000000000000000000000060230122126/200620700000000200620741466020122000000001181123704152  000000000008200000000000000000000000000000000000000000000000000000000000000000000000000000000000000000000000000000000                          0000000000                                                                  000003
1021903727600017200000260206200016896                         00000000200631966486000000000000000000000000060230122126/200631900000000200631966486020122000000000049923704400  000000000008200000000000000000000000000000000000000000000000000000000000000000000000000000000000000000000000000000000                          0000000000                                                                  000004
1021903727600017200000260206200016896                         00000000200686370353000000000000000000000000060230122126/200686300000000200686370353020122000000000739423704602  000000000008200000000000000000000000000000000000000000000000000000000000000000000000000000000000000000000000000000000                          0000000000                                                                  000005
1021903727600017200000260206200016896                         0000000020087652618P000000000000000000000000060230122126/20087650000000020087652618P020122000000001024023704159  000000000008200000000000000000000000000000000000000000000000000000000000000000000000000000000000000000000000000000000                          0000000000                                                                  000006
1021903727600017200000260206200016896                         00000000200979537481000000000000000000000000060230122126/200979500000000200979537481020122000000000076223704154  000000000000000000000000000000000000000000000000000000000000000000000000000000000000000000000000000000000000000000000                          0000000000                                                                  000007
1021903727600017200000260206200016896                         00000000400139959007000000000000000000000000060230122126/400139900000000400139959007020122000000005000023704152  000000000008200000000000000000000000000000000000000000000000000000000000000000000000000000000000000000000000000000000                          0000000000                                                                  000008
1021903727600017200000260206200016896                         00000000400157202126000000000000000000000000060230122126/400157200000000400157202126020122000000150000023704428  000000000008200000000000000000000000000000000000000000000000000000000000000000000000000000000000000000000000000000000                          7600000000                                                                  000009
1021903727600017200000260206200016896                         00000000400172906032000000000000000000000000060230122126/400172900000000400172906032020122000000002600023704159  000000000008200000000000000000000000000000000000000000000000000000000000000000000000000000000000000000000000000000000                          0000000000                                                                  000010
1021903727600017200000260206200016896                         00000000400216157474000000000000000000000000060230122126/400216100000000400216157474020122000000010000023704157  000000000008200000000000000000000000000000000000000000000000000000000000000000000000000000000000000000000000000000000                          0000000000                                                                  000011
1021903727600017200000260206200016896                         00000000400245605095000000000000000000000000060230122126/400245600000000400245605095020122000000004000023700153  000000000008200000000000000000000000000000000000000000000000000000000000000000000000000000000000000000000000000000000                          0000000000                                                                  000012
1021903727600017200000260206200016896                         00000000400272423926000000000000000000000000060230122126/400272400000000400272423926020122000000000800023700320  000000000008200000000000000000000000000000000000000000000000000000000000000000000000000000000000000000000000000000000                          0000000000                                                                  000013
1021903727600017200000260206200016896                         00000000400325395164000000000000000000000000060230122126/400325300000000400325395164020122000000004000023700140  000000000008200000000000000000000000000000000000000000000000000000000000000000000000000000000000000000000000000000000                          0000000000                                                                  000014
1021903727600017200000260206200016896                         0000000040036150784P000000000000000000000000060230122126/40036150000000040036150784P020122000000000800023704159  000000000008200000000000000000000000000000000000000000000000000000000000000000000000000000000000000000000000000000000                          0000000000                                                                  000015
1021903727600017200000260206200016896                         00000000400393182748000000000000000000000000060230122126/400393100000000400393182748020122000000003000023702062  000000000008200000000000000000000000000000000000000000000000000000000000000000000000000000000000000000000000000000000                          0000000000                                                                  000016
1021903727600017200000260206200016896                         00000000400468071807000000000000000000000000060230122126/400468000000000400468071807020122000000005000023704602  000000000008200000000000000000000000000000000000000000000000000000000000000000000000000000000000000000000000000000000                          0000000000                                                                  000017
1021903727600017200000260206200016896                         00000000400535638221000000000000000000000000060230122126/400535600000000400535638221020122000000005500023704157  000000000008200000000000000000000000000000000000000000000000000000000000000000000000000000000000000000000000000000000                          0000000000                                                                  000018
1021903727600017200000260206200016896                         00000000400617697293000000000000000000000000060230122126/400617600000000400617697293020122000000000800023704159  000000000008200000000000000000000000000000000000000000000000000000000000000000000000000000000000000000000000000000000                          0000000000                                                                  000019
1021903727600017200000260206200016896                         00000000400622368346000000000000000000000000060230122126/400622300000000400622368346020122000000099000023704151  000000000008200000000000000000000000000000000000000000000000000000000000000000000000000000000000000000000000000000000                          7600000000                                                                  000020
1021903727600017200000260206200016896                         00000000400650584496000000000000000000000000060230122126/400650500000000400650584496020122000000003510023704400  000000000008200000000000000000000000000000000000000000000000000000000000000000000000000000000000000000000000000000000                          0000000000                                                                  000021
1021903727600017200000260206200016896                         00000000400727828970000000000000000000000000060230122126/400727800000000400727828970020122000000002000023704143  000000000008200000000000000000000000000000000000000000000000000000000000000000000000000000000000000000000000000000000                          0000000000                                                                  000022
1021903727600017200000260206200016896                         00000000400882961288000000000000000000000000060230122126/400882900000000400882961288020122000000007170023704426  000000000008200000000000000000000000000000000000000000000000000000000000000000000000000000000000000000000000000000000                          0000000000                                                                  000023
1021903727600017200000260206200016896                         00000000400891878261000000000000000000000000060230122126/400891800000000400891878261020122000000005000023704157  000000000008200000000000000000000000000000000000000000000000000000000000000000000000000000000000000000000000000000000                          0000000000                                                                  000024
1021903727600017200000260206200016896                         00000000400905211273000000000000000000000000060230122126/400905200000000400905211273020122000000002000023704400  000000000008200000000000000000000000000000000000000000000000000000000000000000000000000000000000000000000000000000000                          0000000000                                                                  000025
1021903727600017200000260206200016896                         00000000400906579118000000000000000000000000060230122126/400906500000000400906579118020122000000000800023700140  000000000008200000000000000000000000000000000000000000000000000000000000000000000000000000000000000000000000000000000                          0000000000                                                                  000026
1021903727600017200000260206200016896                         00000000400936618738000000000000000000000000060230122126/400936600000000400936618738020122000000005400023704143  000000000008200000000000000000000000000000000000000000000000000000000000000000000000000000000000000000000000000000000                          0000000000                                                                  000027
1021903727600017200000260206200016896                         00000000400951235675000000000000000000000000060230122126/400951200000000400951235675020122000000001000023704400  000000000008200000000000000000000000000000000000000000000000000000000000000000000000000000000000000000000000000000000                          0000000000                                                                  000028
1021903727600017200000260206200016896                         00000000400973846937000000000000000000000000060230122126/400973800000000400973846937020122000000000800023700320  000000000008200000000000000000000000000000000000000000000000000000000000000000000000000000000000000000000000000000000                          0000000000                                                                  000029
1021903727600017200000260206200016896                         00000000200240158482000000000000000000000000060630122126/200240100000000200240158482020122000000000269910400934  000000000000000000000000000000000000000000000000000000000000000000000000000000000000000269900000000000000000000000000   030122             00000000000000                                                                  000030
1021903727600017200000260206200016896                         00000000200269718630000000000000000000000000060630122126/200269700000000200269718630010122000000001016510400172  000000000000000000000000000000000000000000000000000000000000000000000000000000000000001016500000000000000000000000000   030122             00000000000000                                                                  000031
1021903727600017200000260206200016896                         00000000200386220589000000000000000000000000060630122126/200386200000000200386220589010122000000000330510403438  000000000000000000000000000000000000000000000000000000000000000000000000000000000000000330500000000000000000000000000   030122             00000000000000                                                                  000032
1021903727600017200000260206200016896                         0000000020064633818P000000000000000000000000060630122126/20064630000000020064633818P311221000000000269910400472  000000000000000000000000000000000000000000000000000000000000000000000000000000000000000269900000000000000000000000000   030122             00000000000000                                                                  000033
1021903727600017200000260206200016896                         00000000200721084032000000000000000000000000060630122126/200721000000000200721084032010122000000000677710400172  000000000000000000000000000000000000000000000000000000000000000000000000000000000000000677700000000000000000000000000   030122             00000000000000                                                                  000034
1021903727600017200000260206200016896                         00000000400139959007000000000000000000000000060630122126/400139900000000400139959007020122000000005000023700536  000000000000000000000000000000000000000000000000000000000000000000000000000000000000005000000000000000000000000000000   030122             00000000000000                                                                  000035
1021903727600017200000260206200016896                         00000000400150478177000000000000000000000000060630122126/400150400000000400150478177010122000000000800065500001  000000000000000000000000000000000000000000000000000000000000000000000000000000000000000800000000000000000000000000000   030122             00000000000000                                                                  000036
1021903727600017200000260206200016896                         00000000400172906032000000000000000000000000060630122126/400172900000000400172906032020122000000002600075604327  000000000000000000000000000000000000000000000000000000000000000000000000000000000000002600000000000000000000000000000   030122             00000000000000                                                                  000037
1021903727600017200000260206200016896                         00000000400186692787000000000000000000000000060630122126/400186600000000400186692787010122000000000800065500001  000000000000000000000000000000000000000000000000000000000000000000000000000000000000000800000000000000000000000000000   030122             00000000000000                                                                  000038
1021903727600017200000260206200016896                         00000000400216157474000000000000000000000000060630122126/400216100000000400216157474020122000000010000007700001  000000000000000000000000000000000000000000000000000000000000000000000000000000000000010000000000000000000000000000000   030122             00000000000000                                                                  000039
1021903727600017200000260206200016896                         00000000400245605095000000000000000000000000060630122126/400245600000000400245605095020122000000004000010401831  000000000000000000000000000000000000000000000000000000000000000000000000000000000000004000000000000000000000000000000   030122             00000000000000                                                                  000040
1021903727600017200000260206200016896                         00000000400272423926000000000000000000000000060630122126/400272400000000400272423926020122000000000800075604327  000000000000000000000000000000000000000000000000000000000000000000000000000000000000000800000000000000000000000000000   030122             00000000000000                                                                  000041
1021903727600017200000260206200016896                         00000000400313168286000000000000000000000000060630122126/400313100000000400313168286010122000000012000023702409  000000000000000000000000000000000000000000000000000000000000000000000000000000000000012000000000000000000000000000000   030122             00000000000000                                                                  000042
1021903727600017200000260206200016896                         00000000400325395164000000000000000000000000060630122126/400325300000000400325395164020122000000004000075604327  000000000000000000000000000000000000000000000000000000000000000000000000000000000000004000000000000000000000000000000   030122             00000000000000                                                                  000043
1021903727600017200000260206200016896                         00000000400367952632000000000000000000000000060630122126/400367900000000400367952632010122000000000800075600259  000000000000000000000000000000000000000000000000000000000000000000000000000000000000000800000000000000000000000000000   030122             00000000000000                                                                  000044
1021903727600017200000260206200016896                         00000000400376867613000000000000000000000000060630122126/400376800000000400376867613010122000000000810075600259  000000000000000000000000000000000000000000000000000000000000000000000000000000000000000810000000000000000000000000000   030122             00000000000000                                                                  000045
1021903727600017200000260206200016896                         00000000400391700261000000000000000000000000060630122126/400391700000000400391700261010122000000000800065500001  000000000000000000000000000000000000000000000000000000000000000000000000000000000000000800000000000000000000000000000   030122             00000000000000                                                                  000046
1021903727600017200000260206200016896                         00000000400393182748000000000000000000000000060630122126/400393100000000400393182748020122000000003000063300001  000000000000000000000000000000000000000000000000000000000000000000000000000000000000003000000000000000000000000000000   030122             00000000000000                                                                  000047
1021903727600017200000260206200016896                         00000000400468071807000000000000000000000000060630122126/400468000000000400468071807020122000000005000010400142  000000000000000000000000000000000000000000000000000000000000000000000000000000000000005000000000000000000000000000000   030122             00000000000000                                                                  000048
1021903727600017200000260206200016896                         00000000400508957536000000000000000000000000060630122126/400508900000000400508957536010122000000000800065500001  000000000000000000000000000000000000000000000000000000000000000000000000000000000000000800000000000000000000000000000   030122             00000000000000                                                                  000049
1021903727600017200000260206200016896                         00000000400520735107000000000000000000000000060630122126/400520700000000400520735107010122000000000800065500001  000000000000000000000000000000000000000000000000000000000000000000000000000000000000000800000000000000000000000000000   030122             00000000000000                                                                  000050
1021903727600017200000260206200016896                         00000000400535638221000000000000000000000000060630122126/400535600000000400535638221020122000000005500023703929  000000000000000000000000000000000000000000000000000000000000000000000000000000000000005500000000000000000000000000000   030122             00000000000000                                                                  000051
1021903727600017200000260206200016896                         00000000400622368346000000000000000000000000060630122126/400622300000000400622368346020122000000099000021200001  000000000000000000000000000000000000000000000000000000000000000000000000000000000000099000000000000000000000000000000   030122             00000000000000                                                                  000052
1021903727600017200000260206200016896                         00000000400640833854000000000000000000000000060630122126/400640800000000400640833854010122000000000800065500001  000000000000000000000000000000000000000000000000000000000000000000000000000000000000000800000000000000000000000000000   030122             00000000000000                                                                  000053
1021903727600017200000260206200016896                         00000000400650584496000000000000000000000000060630122126/400650500000000400650584496020122000000003510010402954  000000000000000000000000000000000000000000000000000000000000000000000000000000000000003510000000000000000000000000000   030122             00000000000000                                                                  000054
1021903727600017200000260206200016896                         00000000400707575510000000000000000000000000060630122126/400707500000000400707575510010122000000000800065500001  000000000000000000000000000000000000000000000000000000000000000000000000000000000000000800000000000000000000000000000   030122             00000000000000                                                                  000055
1021903727600017200000260206200016896                         00000000400835004100000000000000000000000000060630122126/400835000000000400835004100010122000000000800065500001  000000000000000000000000000000000000000000000000000000000000000000000000000000000000000800000000000000000000000000000   030122             00000000000000                                                                  000056
1021903727600017200000260206200016896                         00000000400882961288000000000000000000000000060630122126/400882900000000400882961288020122000000007170010403711  000000000000000000000000000000000000000000000000000000000000000000000000000000000000007170000000000000000000000000000   030122             00000000000000                                                                  000057
1021903727600017200000260206200016896                         00000000400891878261000000000000000000000000060630122126/400891800000000400891878261020122000000005000021200001  000000000000000000000000000000000000000000000000000000000000000000000000000000000000005000000000000000000000000000000   030122             00000000000000                                                                  000058
1021903727600017200000260206200016896                         00000000400905211273000000000000000000000000060630122126/400905200000000400905211273020122000000002000010401027  000000000000000000000000000000000000000000000000000000000000000000000000000000000000002000000000000000000000000000000   030122             00000000000000                                                                  000059
1021903727600017200000260206200016896                         00000000400906579118000000000000000000000000060630122126/400906500000000400906579118020122000000000800010403189  000000000000000000000000000000000000000000000000000000000000000000000000000000000000000800000000000000000000000000000   030122             00000000000000                                                                  000060
1021903727600017200000260206200016896                         00000000400936618738000000000000000000000000060630122126/400936600000000400936618738020122000000005400010401070  000000000000000000000000000000000000000000000000000000000000000000000000000000000000005400000000000000000000000000000   030122             00000000000000                                                                  000061
1021903727600017200000260206200016896                         00000000400951235675000000000000000000000000060630122126/400951200000000400951235675020122000000001000075604327  000000000000000000000000000000000000000000000000000000000000000000000000000000000000001000000000000000000000000000000   030122             00000000000000                                                                  000062
1021903727600017200000260206200016896                         00000000400973846937000000000000000000000000060630122126/400973800000000400973846937020122000000000800075604327  000000000000000000000000000000000000000000000000000000000000000000000000000000000000000800000000000000000000000000000   030122             00000000000000                                                                  000063
1021903727600017200000260206200016896                         00000000200322064230000000000000000000000000061030122126/200322000000000200322064230301021000000000409223700000  000000000000000000000000000000000000000000000000000000000000000000000000000000000000000000000000000000000000000000000                          1600000000                                                                  000064
9201237          000003430000001205872200000840          00028000003215205000001871545000340000018715450000100000000409200000000000000000000000000000000000000000000000000000000000000000000                                                                                                                                                                              00000000000000000000000         000065
